%% This BibTeX bibliography file was created using BibDesk.
%% http://bibdesk.sourceforge.net/


%% Created for David Liu at 2015-08-20 17:56:40 -0400 


%% Saved with string encoding Unicode (UTF-8) 



@unpublished{cerjan_steady-state_2014,
	Author = {Cerjan, Alexander and Chong, Y. D. and Stone, A. Douglas},
	Date-Added = {2015-08-19 14:28:37 +0000},
	Date-Modified = {2015-08-20 21:55:03 +0000},
	Keywords = {Physics - Optics},
	Note = {arXiv 1406.6659},
	Title = {Steady-state ab initio laser theory for complex gain media},
	Urldate = {2014-07-20},
	Year = {2014},
	Bdsk-Url-1 = {http://arxiv.org/abs/1406.6659}}

@unpublished{cerjan_linewidth,
	Author = {Cerjan, Alexander and A. Pick and Chong, Y. D. and S. G. Johnson and Stone, A. Douglas},
	Date-Added = {2015-08-19 14:28:37 +0000},
	Date-Modified = {2015-08-20 21:55:03 +0000},
	Keywords = {Physics - Optics},
	Note = {arXiv 1505.01884},
	Title = {Quantitative test of general theories of the intrinsic laser linewidth},
	Urldate = {2014-07-20},
	Year = {2015}}

@article{dichroism,
	Author = {B. Hopkins and A. N. Poddubny and A. E. Miroshnichenko and T. J. Davis and Y. S. Kivshar},
        Journal = {Laser and Photonics Reviews},
        Number = {1},
        Pages = {137--146},
        Title = {Circular dichroism induced by Fano resonances in planar chiral oligomers},
        Volume = {10},
        Year = {2016}}

@article{ref-acta,
	Author = {L. Bers},
	Date-Added = {2015-08-19 14:28:37 +0000},
	Date-Modified = {2015-08-19 14:28:37 +0000},
	Journal = {Acta Math.},
	Pages = {73--98},
	Title = {An extremal problem for quasi-conformal mappings and a problem of {T}hurston},
	Year = {1978}}

@article{cite-powell_review,
	Author = {M. J. D. Powell},
	Date-Added = {2015-08-19 14:28:37 +0000},
	Date-Modified = {2015-08-19 14:28:37 +0000},
	Journal = {Acta Numerica},
	Pages = {287--336},
	Title = {Direct search algorithms for optimization calculations},
	Volume = {7},
	Year = {1998}}

@inproceedings{powell_cobyla,
	Author = {M. J. D. Powell},
	Booktitle = {Proceedings of the Sixth workshop on Optimization and Numerical Analysis},
	Date-Added = {2015-08-19 14:28:37 +0000},
	Date-Modified = {2015-08-19 14:28:37 +0000},
	Editor = {S. Gomez and J. P. Hennart},
	Journal = {Advances in Optimization and Numerical Analysis},
	Pages = {51-67},
	Publisher = {Kluwer Academic Publishers},
	Title = {A direct search optimization method that models the objective and constraint functions by linear interpolation},
	Year = 1994}

@inproceedings{siegman,
        Author = {A. E. Siegman},
        Booktitle = {Frontiers of Laser Physics and Quantum Optics},
        Editor = {Z. Xu and S. Xie and S. Y. Zhu and M. O Scully},
        Journal = {Frontiers of Laser Physics and Quantum Optics},
        Pages = {31-37},
        Publisher = {Springer--Verlag},
        Title = {Excess quantum noise in nonnormal oscillators},
        Year = 1994}

@article{ref-heisenberg,
	Author = {Z. Balogh and K. F{\"a}ssler and I. Platis},
	Date-Added = {2015-08-19 14:28:37 +0000},
	Date-Modified = {2015-08-19 14:28:37 +0000},
	Journal = {Annales Academiae Scientiarum Fennicae},
	Number = {1},
	Pages = {149--180},
	Title = {Modulus method and radial stretch map in the Heisenberg group},
	Volume = {38},
	Year = {2013}}

@article{ref-braun,
	Author = {I. Braun and G. Ihlein and F. Laeri and J. U. N{\"o}ckel and G. Schulz-Ekloff and F. Sch{\"u}th and U. Vietze and {\"O} Weiss and D. W{\"o}hrle},
	Date-Added = {2015-08-19 14:28:37 +0000},
	Date-Modified = {2015-08-19 14:28:37 +0000},
	Journal = {Appl. Phys. B},
	Number = {1},
	Pages = {335},
	Title = {Hexagonal microlasers based on organic dyes in nanoporous crystals},
	Volume = {70},
	Year = {2000}}

@article{nagra,
	Author = {A. S. Nagra and R. A. York},
	Date-Added = {2015-08-19 14:28:37 +0000},
	Date-Modified = {2015-08-19 14:28:37 +0000},
	Doi = {10.1109/8.662652},
	Issue = {3},
	Journal = {Antennas Propag.},
	Pages = {334--340},
	Title = {{FDTD} Analysis of Wave Propagation in Nonlinear Absorbing and Gain Media},
	Volume = {46},
	Year = {1998},
	Bdsk-Url-1 = {http://dx.doi.org/10.1109/8.662652}}

@article{ref-brazas,
	Author = {J. Brazas and G. Kohnke and J. McMullen},
	Date-Added = {2015-08-19 14:28:37 +0000},
	Date-Modified = {2015-08-19 14:28:37 +0000},
	Journal = {Appl. Opt.},
	Number = {18},
	Pages = {3420--3428},
	Title = {Mode-index waveguide lens with novel gradient boundaries developed for application to optical recording},
	Volume = {31},
	Year = {1992}}

@article{ref-ulrich,
	Author = {R. Ulrich and R. J. Martin},
	Date-Added = {2015-08-19 14:28:37 +0000},
	Date-Modified = {2015-08-19 14:28:37 +0000},
	Journal = {Appl. Opt.},
	Number = {9},
	Pages = {2077--2085},
	Title = {Geometric optics in thin film light guides},
	Volume = {10},
	Year = {1971}}

@article{ref-levelset,
	Author = {C. Y. Yao and S. Osher and E. Yablonovitch},
	Date-Added = {2015-08-19 14:28:37 +0000},
	Date-Modified = {2015-08-19 14:28:37 +0000},
	Journal = {Appl. Phys. B},
	Number = {2--3},
	Pages = {235--244},
	Title = {Maximizing band gaps in two-dimensional photonic crystals by using level set methods},
	Volume = {81},
	Year = {2005}}

@article{ref-pnas_whispering,
	Author = {Qi Jie Wang and Changling Yan and Nanfang Yu and J. Unterhinninghofen and Jan Wiersig and Christian Pflugl and Laurent Diehl and Tadataka Edamurac and Masamichi Yamanishic and Hirofumi Kanc and Federico Capasso},
	Date-Added = {2015-08-19 14:28:37 +0000},
	Date-Modified = {2015-08-19 14:28:37 +0000},
	Journal = {Proc. Natl. Acad. Sci. USA},
	Number = {52},
	Pages = {22407--22412},
	Title = {Whispering-gallery mode resonators for highly unidirectional laser action},
	Volume = {107},
	Year = {2005}}

@article{ref-sgj_roughness,
	Author = {S. G. Johnson and M. L. Povinelli and M. Solja{\v c}i{\'c} and A. Karalis and S. Jacobs and J. D. Joannopoulos},
	Date-Added = {2015-08-19 14:28:37 +0000},
	Date-Modified = {2015-08-19 14:28:37 +0000},
	Journal = {Appl. Phys. B},
	Number = {283--293},
	Title = {Roughness losses and volume-current methods in photonic-crystal waveguides},
	Volume = {81},
	Year = {2005}}

@article{ref-noda_highlyconfined,
	Author = {A. Chutinan and S. Noda},
	Date-Added = {2015-08-19 14:28:37 +0000},
	Date-Modified = {2015-08-19 14:28:37 +0000},
	Journal = {Appl. Phys. Lett.},
	Number = {24},
	Pages = {3739-3741},
	Title = {Highly confined waveguides and waveguide bends in three-dimensional photonic crystal},
	Volume = {75},
	Year = {1999}}

@article{ref-ryu_bandedge,
        Author = {H.-Y. Ryu and S.-H. Kwon and Y.-J. Lee and Y.-H. Lee and J.-S. Kim},
        Journal = {Appl. Phys. Lett.},
        Number = {19},
        Pages = {3476--3478},
        Title = {Very-low-threshold photonic band-edge lasers from free-standing triangular photonic crystal slabs},
        Volume = {80},
        Year = {2002}}

@article{ref-distributed_feedback,
        Author = {P.Andrew and G. A. Turnbull and I. D. W. Samuel and W. L. Barnes},
        Journal = {Appl. Phys. Lett.},
        Number = {6},
        Pages = {954-956},
        Title = {Photonic band structure and emission characteristics of a metal-backed polymeric distributed feedback laser},
        Volume = {81},
        Year = {2002}}

@article{ref-surface_emitting2,
        Author = {W. Schrenk and N. Finger and S. Gianordoli and L. Hvozdara and G. Strasser and E. Gornik},
        Journal = {Appl. Phys. Lett.},
        Number = {14},
        Pages = {2086-2088},
        Title = {Surface-emitting distributed feedback quantum-cascade lasers},
        Volume = {77},
        Year = {2000}}

@article{ref-marom,
	Author = {B. U. Chen and E. Marom and A. Lee},
	Date-Added = {2015-08-19 14:28:37 +0000},
	Date-Modified = {2015-08-19 14:28:37 +0000},
	Journal = {Appl. Phys. Lett.},
	Number = {4},
	Pages = {263},
	Title = {Geodesic lenses in single-mode {LiNbO$_3$} waveguides},
	Volume = {31},
	Year = {1977}}

@article{ref-topology_cloak,
	Author = {J. Andkjaer and O. Sigmund},
	Date-Added = {2015-08-19 14:28:37 +0000},
	Date-Modified = {2015-08-19 14:28:37 +0000},
	Journal = {Appl. Phys. Lett.},
	Number = {021112},
	Title = {Topology optimized low-contrast all-dielectric optical cloak},
	Volume = {98},
	Year = {2011}}

@article{ref-coherent_surface_emitting_phc,
        Title = {Coherent two-dimensional lasing action in surface-emitting laser with triangular-lattice photonic crystal structure},
        Journal = {Appl. Phys. Lett.},
        Number = {3},
        Pages = {316--318},
        Author = {M. Imada and S. Noda and A. Chutinan and T. Tokudac and M. Murata and G. Sasaki},
        Volume = {75},
        Year = {1999}}

@article{Brazas1992,
	Author = {Brazas, John and Kohnke, Glenn and McMullen, James},
	Date-Added = {2015-08-19 14:28:37 +0000},
	Date-Modified = {2015-08-20 21:56:30 +0000},
	Doi = {10.1364/AO.31.003420},
	File = {:home/lucas/Bibliography/Brazas, Kohnke, McMullen\_1992\_Mode-Index Waveguide Lens With Novel Gradient Boundaries Developed For Application To Optical Recording.pdf:pdf},
	Issn = {0003-6935},
	Journal = {Appl. Opt.},
	Keywords = {GRIN optics},
	Mendeley-Tags = {GRIN optics},
	Pages = {3420-3428},
	Title = {{Mode-Index Waveguide Lens With Novel Gradient Boundaries Developed For Application To Optical Recording}},
	Url = {http://www.opticsinfobase.org/abstract.cfm?URI=ao-31-18-3420},
	Volume = {31},
	Year = {1992},
	Bdsk-Url-1 = {http://www.opticsinfobase.org/abstract.cfm?URI=ao-31-18-3420},
	Bdsk-Url-2 = {http://dx.doi.org/10.1364/AO.31.003420}}

@article{ref-deformations,
	Author = {K. Astala and T. Iwaniec and G. Martin},
	Date-Added = {2015-08-19 14:28:37 +0000},
	Date-Modified = {2015-08-19 14:28:37 +0000},
	Journal = {Arch. Rational Mech. Anal.},
	Pages = {899--921},
	Title = {Deformations of Annuli with Smallest Mean Distortion},
	Volume = {195},
	Year = {2010}}

@unpublished{ref-yan_arxiv,
	Author = {W. Yan and M. Yan and M. Qiu},
	Date-Added = {2015-08-19 14:28:37 +0000},
	Date-Modified = {2015-08-20 21:56:40 +0000},
	Note = {arXiv:0806.3231},
	Title = {Necessary and sufficient conditions for reflectionless transformation media in an isotropic and homogenous background},
	Year = {2008}}

@unpublished{ref-lige_condensation_arxiv,
        Author = {L. Ge and H. Cao and A. D. Stone},
        Note = {arXiv:1607.08204},
        Title = {Condensation of thresholds in multimode lasers},
        Year = {2016}}

@article{jacobi_davidson,
	Author = {G. L. Sleijpen and A. G. Booten and D. R. Fokkema and H. A. {van der Vorst}},
	Date-Added = {2015-08-19 14:28:37 +0000},
	Date-Modified = {2015-08-19 14:28:37 +0000},
	Doi = {10.1007/BF01731936},
	Issue = {3},
	Journal = {BIT Numer. Math.},
	Pages = {595--633},
	Title = {Jacobi--{Davidson} type methods for generalized eigenproblems and polynomial eigenproblems},
	Volume = {36},
	Year = {1996},
	Bdsk-Url-1 = {http://dx.doi.org/10.1007/BF01731936}}

@article{nonlinear_arnoldi,
	Author = {H. Voss},
	Date-Added = {2015-08-19 14:28:37 +0000},
	Date-Modified = {2015-08-19 14:28:37 +0000},
	Doi = {10.1023/B:BITN.0000039424.56697.8b},
	Issue = {2},
	Journal = {BIT Numer. Math.},
	Pages = {387--401},
	Title = {An {Arnoldi} method for nonlinear eigenvalue problems},
	Volume = {44},
	Year = {2004},
	Bdsk-Url-1 = {http://dx.doi.org/10.1023/B:BITN.0000039424.56697.8b}}

@article{ref-photon_nano_opt,
	Author = {W. R. Frei and H. T. Johnson and D. A. Tortorelli},
	Date-Added = {2015-08-19 14:28:37 +0000},
	Date-Modified = {2015-08-19 14:28:37 +0000},
	Journal = {Computer Methods in Applied Mechanics and Engineering},
	Number = {41},
	Pages = {3410--3416},
	Title = {Optimization of photonic nanostructures},
	Volume = {197},
	Year = {2008}}

@article{ref-robust_design,
	Author = {A. Mutapcica and S. Boyd and A. Farjadpour and S. G. Johnson and Y. Avniel},
	Date-Added = {2015-08-19 14:28:37 +0000},
	Date-Modified = {2015-08-19 14:28:37 +0000},
	Journal = {Engineering Optimization},
	Number = {4},
	Pages = {365--384},
	Title = {Robust design of slow-light tapers in periodic waveguides},
	Volume = {41},
	Year = {2009}}

@article{ref-extremal,
	Author = {O. Weber and A. Myles and D. Zorin},
	Date-Added = {2015-08-19 14:28:37 +0000},
	Date-Modified = {2015-08-19 14:28:37 +0000},
	Journal = {Europgraphics Symposium on Geometry Processing},
	Number = {5},
	Pages = {1679--1689},
	Title = {Computing extremal quasiconformal maps},
	Volume = {31},
	Year = {2012}}

@article{internal_disks,
	Author = {C. P. Dettmann and G. V. Morozov and M. Sieber and H. Waalkens},
	Date-Added = {2015-08-19 14:28:37 +0000},
	Date-Modified = {2015-08-19 14:28:37 +0000},
	Doi = {10.1209/0295-5075/87/34003},
	Issue = {3},
	Journal = {Europhys. Lett.},
	Pages = {34003},
	Title = {Internal and external resonances of dielectric disks},
	Volume = {87},
	Year = {2009},
	Bdsk-Url-1 = {http://dx.doi.org/10.1209/0295-5075/87/34003}}

@article{ref-ozgun,
	Author = {O.~Ozgun and M.~Kuzuoglu},
	Date-Added = {2015-08-19 14:28:37 +0000},
	Date-Modified = {2015-08-19 14:28:37 +0000},
	Journal = {IEEE Microw. Wirel. Compon. Lett.},
	Pages = {754},
	Title = {Utilization of anisotropic metamaterial layers in waveguide miniaturization and transitions},
	Volume = {17},
	Year = {2007}}

@article{ref-sorel,
        Author = {M. Sorel and G. Giuliani and A. Scire and R. Miglierina and S. Donati and P. J. R. Laybourn},
        Journal = {IEEE J. Quantum Electron.},
        Pages = {1187},
        Title = {Operating regimes of GaAs-AlGaAs semiconductor ring lasers: experiment and model},
        Volume = {39},
        Year = {2003}}

@article{ref-matsko,
	Author = {V. S. Ilchenko and A. B. Matsko},
	Date-Added = {2015-08-19 14:28:37 +0000},
	Date-Modified = {2015-08-19 14:28:37 +0000},
	Journal = {IEEE J. Sel. Topics Quantum Electron.},
	Pages = {3-14},
	Title = {Optical Resonators with Whispering-Gallery Modes-Part I: Basics},
	Volume = {12},
	Number = 1,
	Year = {2006}}

@article{ref-surface_emitting,
	Author = {K. Iga},
	Date-Added = {2015-08-19 14:28:37 +0000},
	Date-Modified = {2015-08-19 14:28:37 +0000},
	Journal = {IEEE J. Sel. Topics Quantum Electron.},
	Pages = {1201--1215},
	Title = {Surface-emitting laser--Its birth and generation of new optoelectronics field},
	Volume = {6},
	Number = 6,
	Year = {2000}}

@article{ref-tsuji,
	Author = {Y. Tsuji and K. Hirayama},
	Date-Added = {2015-08-19 14:28:37 +0000},
	Date-Modified = {2015-08-19 14:28:37 +0000},
	Journal = {IEEE Phot. Tech. Lett.},
	Number = {12},
	Pages = {982--984},
	Title = {Design of Optical Circuit Devices Using Topology Optimization Method With Function-ExpansionBased Refractive Index Distribution},
	Volume = {20},
	Year = {2008}}

@article{Riesen2012,
	Author = {Riesen, Nicolas and Love, John D. and Arkwright, John W.},
	Date-Added = {2015-08-19 14:28:37 +0000},
	Date-Modified = {2015-08-19 14:28:37 +0000},
	Doi = {10.1109/LPT.2011.2178825},
	File = {:home/lucas/Bibliography/Riesen, Love, Arkwright\_2012\_Few-Mode Elliptical-Core Fiber Data Transmission.pdf:pdf},
	Issn = {1041-1135},
	Journal = {IEEE Photonics Technology Letters},
	Keywords = {Fiber Optics,Mode multiplexing},
	Mendeley-Tags = {Fiber Optics,Mode multiplexing},
	Pages = {344-346},
	Title = {{Few-Mode Elliptical-Core Fiber Data Transmission}},
	Url = {http://ieeexplore.ieee.org/lpdocs/epic03/wrapper.htm?arnumber=6097024},
	Volume = {24},
	Year = {2012},
	Bdsk-Url-1 = {http://ieeexplore.ieee.org/lpdocs/epic03/wrapper.htm?arnumber=6097024},
	Bdsk-Url-2 = {http://dx.doi.org/10.1109/LPT.2011.2178825}}

@article{christ_fdfd,
	Author = {Christ, A. and Hartnagel, H. L.},
	Date-Added = {2015-08-19 14:28:37 +0000},
	Date-Modified = {2015-08-19 14:28:37 +0000},
	Doi = {10.1109/TMTT.1987.1133733},
	Issue = {8},
	Journal = {IEEE Trans. Microwave. Theory and Tech.},
	Pages = {688--696},
	Title = {Three-Dimensional Finite-Difference Method for the Analysis of Microwave-Device Embedding},
	Volume = {35},
	Year = {1987},
	Bdsk-Url-1 = {http://dx.doi.org/10.1109/TMTT.1987.1133733}}

@article{frei,
	Author = {W. R. Frei and H. T. Johnson and K. D. Choquette},
	Date-Added = {2015-08-19 14:28:37 +0000},
	Date-Modified = {2015-08-19 14:28:37 +0000},
	Doi = {10.1063/1.2838173},
	Journal = {J. App. Phys.},
	Number = 3,
	Pages = {033102},
	Title = {Optimization of a single defect photonic crystal laser cavity},
	Volume = {103},
	Year = {2008},
	Bdsk-Url-1 = {http://dx.doi.org/10.1063/1.2838173}}

@article{ref-top_opt_phbend,
	Author = {Y. Watanabe and N. Ikeda and Y. Sugimoto and Y. Takata and Y. Kitagawa and A. Mizutani and N. Ozaki and K. Asakawa},
	Date-Added = {2015-08-19 14:28:37 +0000},
	Date-Modified = {2015-08-19 14:28:37 +0000},
	Journal = {J. Appl. Phys.},
	Number = {113108},
	Title = {Topology optimization of waveguide bends with wide, flat bandwidth in air-bridge-type photonic crystal slabs Topology optimization of waveguide bends with wide, flat bandwidth in air-bridge-type photonic crystal slabs Topology optimization of waveguide bends with wide, flat bandwidth in air-bridge-type photonic crystal slabs},
	Volume = {101},
	Year = {2007}}

@article{ref-aperiodic,
	Author = {P. Seliger and M. Mahvash and C. Wang and A. F. J. Levi},
	Date-Added = {2015-08-19 14:28:37 +0000},
	Date-Modified = {2015-08-19 14:28:37 +0000},
	Journal = {J. Appl. Phys.},
	Number = {034310},
	Title = {Optimization of aperiodic dielectric structures},
	Volume = {100},
	Year = {2006}}

@article{ref-frei-maxwell,
	Author = {W. R. Frei and H. T. Johnson and K. D. Choquette},
	Date-Added = {2015-08-19 14:28:37 +0000},
	Date-Modified = {2015-08-19 14:28:37 +0000},
	Journal = {J. Appl. Phys.},
	Number = {033102},
	Title = {Optimization of a single defect photonic crystal laser cavity},
	Volume = {103},
	Year = {2008}}

@article{ref-china_bend,
	Author = {J. Huangfu and S. Xi and F. Kong and J. Zhang and H. Chen and D. Wang and B. Wu and L. Ran and J. A. Kong},
	Date-Added = {2015-08-19 14:28:37 +0000},
	Date-Modified = {2015-08-19 14:28:37 +0000},
	Journal = {J. Appl. Phys.},
	Number = {014502},
	Title = {Application of coordinate transformation in bent waveguides},
	Volume = {104},
	Year = {2008}}

@article{ref-arbitrary_bending,
	Author = {Z. L. Mei and T. J. Cui},
	Date-Added = {2015-08-19 14:28:37 +0000},
	Date-Modified = {2015-08-19 14:28:37 +0000},
	Journal = {J. Appl. Phys.},
	Number = {104913},
	Title = {Arbitrary bending of electromagnetic waves using isotropic materials},
	Volume = {105},
	Year = {2009}}

@article{ref-derivatives-osher,
	Author = {C. Y. Kao and S. Osher},
	Date-Added = {2015-08-19 14:28:37 +0000},
	Date-Modified = {2015-08-19 14:28:37 +0000},
	Journal = {J. Comp. Phys.},
	Number = {1},
	Pages = {891--909},
	Title = {Incorporating topological derivatives into shape derivatives based level set methods},
	Volume = {225},
	Year = {2007}}

@article{champagne_fdfd,
	Author = {N. J. Champagne and J. G. Berryman and H. M. Buettner},
	Date-Added = {2015-08-19 14:28:37 +0000},
	Date-Modified = {2015-08-19 14:28:37 +0000},
	Doi = {10.1006/jcph.2001.6765},
	Issue = {2},
	Journal = {J. Comp. Phys.},
	Pages = {830--848},
	Title = {{FDFD}: A 3D Finite-Difference Frequency-Domain Code for Electromagnetic Induction Tomography},
	Volume = {170},
	Year = {2001},
	Bdsk-Url-1 = {http://dx.doi.org/10.1006/jcph.2001.6765}}

@article{shin_fan,
	Author = {W. Shin and S. Fan},
	Date-Added = {2015-08-19 14:28:37 +0000},
	Date-Modified = {2015-08-19 14:28:37 +0000},
	Doi = {10.1016/j.jcp.2012.01.013},
	Issue = {8},
	Journal = {J. Comp. Phys.},
	Pages = {3406--3431},
	Title = {Choice of the perfectly matched layer boundary condition for frequency domain {Maxwell's} equations solvers},
	Volume = {231},
	Year = {2012},
	Bdsk-Url-1 = {http://dx.doi.org/10.1016/j.jcp.2012.01.013}}

@article{MR1294924,
	Author = {Berenger, Jean-Pierre},
	Coden = {JCTPAH},
	Date-Added = {2015-08-19 14:28:37 +0000},
	Date-Modified = {2015-08-19 14:28:37 +0000},
	Doi = {10.1006/jcph.1994.1159},
	Fjournal = {Journal of Computational Physics},
	Issn = {0021-9991},
	Journal = {J. Comput. Phys.},
	Mrclass = {78-08 (78A40)},
	Mrnumber = {1294924 (95e:78002)},
	Number = {2},
	Pages = {185--200},
	Title = {A perfectly matched layer for the absorption of electromagnetic waves},
	Url = {http://dx.doi.org/10.1006/jcph.1994.1159},
	Volume = {114},
	Year = {1994},
	Bdsk-Url-1 = {http://dx.doi.org/10.1006/jcph.1994.1159}}

@article{ref-france,
	Author = {Z. Balogh and K. F{\"a}ssler and I. Platis},
	Date-Added = {2015-08-19 14:28:37 +0000},
	Date-Modified = {2015-08-19 14:28:37 +0000},
	Journal = {J. d'Analyse Math{\'e}matique},
	Number = {1},
	Pages = {265--291},
	Title = {Modulus of curve families and extremality of spiral-stretch maps},
	Volume = {113},
	Year = {2011}}

@article{ref-ahlfors,
	Author = {L. Ahlfors},
	Date-Added = {2015-08-19 14:28:37 +0000},
	Date-Modified = {2015-08-19 14:28:37 +0000},
	Journal = {J. d'Analyse Math{\'e}matique},
	Number = {1},
	Pages = {1--58},
	Title = {On quasiconformal mappings},
	Volume = {3},
	Year = {1953}}

@article{ref-illusion,
	Author = {Z. L. Mei and J. Bai and T. J. Cui},
	Date-Added = {2015-08-19 14:28:37 +0000},
	Date-Modified = {2015-08-19 14:28:37 +0000},
	Journal = {J. Electromagnetic Waves and Applications},
	Number = {17},
	Pages = {2561-2573},
	Title = {Illusion Devices with Quasi-Conformal Mapping},
	Volume = {24},
	Year = {2010}}

@article{ref-highdensity,
	Author = {C. Manolatou and S. G. Johnson and S. Fan and P. R. Villeneuve and H. A. Haus and J. D. Joannopoulos},
	Date-Added = {2015-08-19 14:28:37 +0000},
	Date-Modified = {2015-08-19 14:28:37 +0000},
	Journal = {J. Lightwave Technology},
	Number = {9},
	Pages = {1682--1692},
	Title = {High-Density Integrated Optics},
	Volume = {17},
	Year = {1999}}

@article{rational_krylov,
	Author = {A. Ruhe},
	Date-Added = {2015-08-19 14:28:37 +0000},
	Date-Modified = {2015-08-19 14:28:37 +0000},
	Doi = {10.1023/A:1022414805217},
	Issue = {6},
	Journal = {J. Math. Sci.},
	Pages = {1854--1856},
	Title = {The Rational {Krylov} Algorithm for Nonlinear Matrix Eigenvalue Problems},
	Volume = {114},
	Year = {2003},
	Bdsk-Url-1 = {http://dx.doi.org/10.1023/A:1022414805217}}

@article{ref-wardpendry,
	Author = {A.J. Ward and J.B. Pendry},
	Date-Added = {2015-08-19 14:28:37 +0000},
	Date-Modified = {2015-08-19 14:28:37 +0000},
	Journal = {J. Mod. Opt.},
	Pages = {773-793},
	Title = {Refraction and Geometry in Maxwell's equations},
	Volume = {43},
	Year = {1996}}

@article{ref-graded_photon_nano,
	Author = {B. Vasi{\'c} and R. Gaji{\'c} and K. Hingerl},
	Date-Added = {2015-08-19 14:28:37 +0000},
	Date-Modified = {2015-08-19 14:28:37 +0000},
	Journal = {J. Nanophotonics},
	Number = {051806},
	Title = {Graded photonic crystals for implementation of gradient refractive index media},
	Volume = {5},
	Year = {2011},
	Bdsk-Url-1 = {http://dx.doi.org/10.1117/1.3586783}}

@article{ref-inverse_to,
	Author = {A. V. Novitsky},
	Date-Added = {2015-08-19 14:28:37 +0000},
	Date-Modified = {2015-08-19 14:28:37 +0000},
	Journal = {J. Opt.},
	Number = {035104},
	Title = {Inverse problem in transformation optics},
	Volume = {13},
	Year = {2011}}

@article{ref-platform,
	Author = {L. H. Gabrielli and M. Lipson},
	Date-Added = {2015-08-19 14:28:37 +0000},
	Date-Modified = {2015-08-19 14:28:37 +0000},
	Journal = {J. Opt.},
	Number = {024010},
	Title = {Transformation optics on a silicon platform},
	Volume = {13},
	Year = {2011}}

@article{ref-multifunctional,
	Author = {J. Mei and Q. Wu and K. Zhang},
	Date-Added = {2015-08-19 14:28:37 +0000},
	Date-Modified = {2015-08-19 14:28:37 +0000},
	Journal = {J. Opt. Soc. Am. A},
	Number = {10},
	Pages = {2067--2073},
	Title = {MultiMultifunctional complementary cloak with homogeneous anisotropic material parameters},
	Volume = {29},
	Year = {2012}}

@article{ref-strict_conformal,
	Author = {Y.G. Ma and N. Wang and C. K. Ong},
	Date-Added = {2015-08-19 14:28:37 +0000},
	Date-Modified = {2015-08-19 14:28:37 +0000},
	Journal = {J. Opt. Soc. Am. A},
	Pages = {968--972},
	Title = {Application of inverse, strict conformal transformation to design waveguide devices},
	Volume = {27},
	Year = {2010}}

@article{ref-compensating,
	Author = {J. Riishede and O. Sigmund},
	Date-Added = {2015-08-19 14:28:37 +0000},
	Date-Modified = {2015-08-19 14:28:37 +0000},
	Journal = {J. Opt. Soc. Am. B},
	Number = {1},
	Pages = {88--97},
	Title = {Inverse design of dispersion compensating optical fiber using topology optimization},
	Volume = {25},
	Year = {2008}}

@article{ref-junction,
	Author = {J. S. Jensen and O. Sigmund},
	Date-Added = {2015-08-19 14:28:37 +0000},
	Date-Modified = {2015-08-19 14:28:37 +0000},
	Journal = {J. Opt. Soc. Am. B},
	Number = {6},
	Pages = {1191--1198},
	Title = {Topology optimization of photonic crystal structures: a high-bandwidth low-loss T-junction waveguide},
	Volume = {22},
	Year = {2005}}

@article{ref-yao,
	Author = {K. Yao and X. Jiang},
	Date-Added = {2015-08-19 14:28:37 +0000},
	Date-Modified = {2015-08-19 14:28:37 +0000},
	Journal = {J. Opt. Soc. Am. B},
	Number = {5},
	Pages = {1037--1042},
	Title = {Designing feasible optical devices via conformal mapping},
	Volume = {28},
	Year = {2011}}

@article{ref-curved,
	Author = {M. Heiblum and J. H. Harris},
	Date-Added = {2015-08-19 14:28:37 +0000},
	Date-Modified = {2015-08-19 14:28:37 +0000},
	Journal = {J. Quantum Electronics},
	Number = {2},
	Pages = {75--83},
	Title = {Analysis of Curved Optical Waveguides by Conformal Transformation},
	Volume = {QE-11},
	Year = {1975}}

@article{asakura_sakurai-contour-2010,
	Author = {Junko Asakura and Tetsuya Sakurai and Hiroto Tadano and Tsutomu Ikegami and Kinji Kimura},
	Date-Added = {2015-08-19 14:28:37 +0000},
	Date-Modified = {2015-08-19 14:28:37 +0000},
	Doi = {10.1007/s13160-010-0005-x},
	Issue = {1},
	Journal = {Japan J. Appl. Math.},
	Masid = {16107169},
	Pages = {73--90},
	Title = {{A numerical method for polynomial eigenvalue problems using contour integral}},
	Volume = {27},
	Year = {2010},
	Bdsk-Url-1 = {http://dx.doi.org/10.1007/s13160-010-0005-x}}

@article{Mosher2009,
	Abstract = {A double-exposure grayscale photolithography technique is developed and demonstrated to produce three-dimensional (3-D) structures with a high vertical resolution. Pixelated grayscale masks often suffer from limited vertical resolution due to restrictions on the mask fabrication. The double-exposure technique uses two pixelated grayscale mask exposures before development and dramatically increases the vertical resolution without altering the mask fabrication process. An empirical calibration technique was employed for mask design and was also applied to study the effects of exposure time and mask misalignment on the photoresist profile. This technology has been demonstrated to improve the average step between photoresist levels from 0.19 to 0.02 mum and the maximum step from 0.43 to 0.2 mum compared to a single pixelated exposure using the same mask design.},
	Author = {Mosher, Lance and Waits, Christopher M. and Morgan, Brian and Ghodssi, Reza},
	Date-Added = {2015-08-19 14:28:37 +0000},
	Date-Modified = {2015-08-19 14:28:37 +0000},
	Doi = {10.1109/JMEMS.2008.2011703},
	File = {:home/lucas/Bibliography/Mosher et al.\_2009\_Double-Exposure Grayscale Photolithography.pdf:pdf},
	Issn = {1057-7157},
	Journal = {Journal of Microelectromechanical Systems},
	Keywords = {Grayscale Lithography},
	Mendeley-Tags = {Grayscale Lithography},
	Pages = {308-315},
	Title = {{Double-Exposure Grayscale Photolithography}},
	Url = {http://ieeexplore.ieee.org/xpl/freeabs\_all.jsp?arnumber=4783064},
	Volume = {18},
	Year = {2009},
	Bdsk-Url-1 = {http://ieeexplore.ieee.org/xpl/freeabs%5C_all.jsp?arnumber=4783064},
	Bdsk-Url-2 = {http://dx.doi.org/10.1109/JMEMS.2008.2011703}}

@article{Murali2006,
	Author = {Murali, Raghunath and Brown, Devin K. and Martin, Kevin P. and Meindl, James D.},
	Date-Added = {2015-08-19 14:28:37 +0000},
	Date-Modified = {2015-08-19 14:28:37 +0000},
	Doi = {10.1116/1.2357962},
	File = {:home/lucas/Bibliography/Murali et al.\_2006\_Process optimization and proximity effect correction for gray scale e-beam lithography.pdf:pdf},
	Issn = {10711023},
	Journal = {Journal of Vacuum Science \& Technology B: Microelectronics and Nanometer Structures},
	Keywords = {Grayscale Lithography},
	Mendeley-Tags = {Grayscale Lithography},
	Pages = {2936-2939},
	Title = {{Process optimization and proximity effect correction for gray scale e-beam lithography}},
	Url = {http://link.aip.org/link/JVTBD9/v24/i6/p2936/s1\&Agg=doi},
	Volume = {24},
	Year = {2006},
	Bdsk-Url-1 = {http://link.aip.org/link/JVTBD9/v24/i6/p2936/s1%5C&Agg=doi},
	Bdsk-Url-2 = {http://dx.doi.org/10.1116/1.2357962}}

@article{ref-topology,
	Author = {J. S. Jensen and O. Sigmund},
	Date-Added = {2015-08-19 14:28:37 +0000},
	Date-Modified = {2015-08-19 14:28:37 +0000},
	Journal = {Laser and Photonics Reviews},
	Number = {2},
	Pages = {308--321},
	Title = {Topology optimization for nano-photonics},
	Volume = {5},
	Year = {2011}}

@article{ref-light,
	Author = {Q. Wu and J. P. Turpin and D. H. Werner},
	Date-Added = {2015-08-19 14:28:37 +0000},
	Date-Modified = {2015-08-19 14:28:37 +0000},
	Journal = {Light: Science and Applications},
	Number = {e38},
	Title = {Integrated photonic systems based on transformation optics enabled gradient index devices},
	Volume = {1},
	Year = {2012}}

@article{beyn_integral_2012,
	Abstract = {We propose a numerical method for computing all eigenvalues (and the corresponding eigenvectors) of a nonlinear holomorphic eigenvalue problem that lie within a given contour in the complex plane. The method uses complex integrals of the resolvent operator, applied to at least k column vectors, where k is the number of eigenvalues inside the contour. The theorem of Keldysh is employed to show that the original nonlinear eigenvalue problem reduces to a linear eigenvalue problem of dimension k. No initial approximations of eigenvalues and eigenvectors are needed. The method is particularly suitable for moderately large eigenvalue problems where k is much smaller than the matrix dimension. We also give an extension of the method to the case where k is larger than the matrix dimension. The quadrature errors caused by the trapezoid sum are discussed for the case of analytic closed contours. Using well known techniques it is shown that the error decays exponentially with an exponent given by the product of the number of quadrature points and the minimal distance of the eigenvalues to the contour.},
	Author = {Beyn, Wolf-J{\"u}rgen},
	Date-Added = {2015-08-19 14:28:37 +0000},
	Date-Modified = {2015-08-19 14:28:37 +0000},
	Doi = {10.1016/j.laa.2011.03.030},
	Journal = {Lin. Alg. Appl.},
	Number = {10},
	Pages = {3839--3863},
	Title = {An integral method for solving nonlinear eigenvalue problems},
	Url = {http://www.sciencedirect.com/science/article/pii/S0024379511002540},
	Urldate = {2012-06-22},
	Volume = {436},
	Year = {2012},
	Bdsk-Url-1 = {http://www.sciencedirect.com/science/article/pii/S0024379511002540},
	Bdsk-Url-2 = {http://dx.doi.org/10.1016/j.laa.2011.03.030}}

@article{MR2353940,
	Author = {Bramble, James H. and Pasciak, Joseph E.},
	Coden = {MCMPAF},
	Date-Added = {2015-08-19 14:28:37 +0000},
	Date-Modified = {2015-08-19 14:28:37 +0000},
	Doi = {10.1090/S0025-5718-07-02037-6},
	Fjournal = {Mathematics of Computation},
	Issn = {0025-5718},
	Journal = {Math. Comp.},
	Mrclass = {65N30},
	Mrnumber = {2353940 (2008i:65250)},
	Mrreviewer = {Snorre H. Christiansen},
	Number = {261},
	Pages = {1--10 (electronic)},
	Title = {Analysis of a finite element {PML} approximation for the three dimensional time-harmonic {M}axwell problem},
	Url = {http://dx.doi.org/10.1090/S0025-5718-07-02037-6},
	Volume = {77},
	Year = {2008},
	Bdsk-Url-1 = {http://dx.doi.org/10.1090/S0025-5718-07-02037-6}}

@article{Kim2007,
	Author = {Kim, J. and Joy, D.C. and Lee, S.-Y.},
	Date-Added = {2015-08-19 14:28:37 +0000},
	Date-Modified = {2015-08-19 14:28:37 +0000},
	Doi = {10.1016/j.mee.2007.02.015},
	File = {:home/lucas/Bibliography/Kim, Joy, Lee\_2007\_Controlling resist thickness and etch depth for fabrication of 3D structures in electron-beam grayscale lithography.pdf:pdf},
	Issn = {01679317},
	Journal = {Microelectronic Engineering},
	Keywords = {Grayscale Lithography},
	Mendeley-Tags = {Grayscale Lithography},
	Pages = {2859-2864},
	Title = {{Controlling resist thickness and etch depth for fabrication of 3D structures in electron-beam grayscale lithography}},
	Url = {http://linkinghub.elsevier.com/retrieve/pii/S0167931707003164},
	Volume = {84},
	Year = {2007},
	Bdsk-Url-1 = {http://linkinghub.elsevier.com/retrieve/pii/S0167931707003164},
	Bdsk-Url-2 = {http://dx.doi.org/10.1016/j.mee.2007.02.015}}

@article{ref:conformal_exponential,
	Author = {S. Han and Y. Xiong and D. Genov and Z. Liu and G. Bartel and X. Zhang},
	Date-Added = {2015-08-19 14:28:37 +0000},
	Date-Modified = {2015-08-19 14:28:37 +0000},
	Doi = {10.1021/nl801942x},
	Eprint = {http://pubs.acs.org/doi/pdf/10.1021/nl801942x},
	Journal = {Nano Lett.},
	Number = {12},
	Pages = {4243--4247},
	Title = {Ray Optics at a Deep-Subwavelength Scale: A Transformation Optics Approach},
	Url = {http://pubs.acs.org/doi/abs/10.1021/nl801942x},
	Volume = {8},
	Year = {2008},
	Bdsk-Url-1 = {http://pubs.acs.org/doi/abs/10.1021/nl801942x},
	Bdsk-Url-2 = {http://dx.doi.org/10.1021/nl801942x}}

@article{ref-nanoscale,
	Author = {Y. Liu and X. Zhang},
	Date-Added = {2015-08-19 14:28:37 +0000},
	Date-Modified = {2015-08-19 14:28:37 +0000},
	Journal = {Nanoscale},
	Number = {17},
	Pages = {5277--5292},
	Title = {Recent advances in transformation optics},
	Volume = {4},
	Year = {2012}}

@article{ref-macroscopic_science,
	Author = {X. Chen and Y. Luo and J. Zhang and K. Jiang and J. B. Pendry and S. Zhang},
	Date-Added = {2015-08-19 14:28:37 +0000},
	Date-Modified = {2015-08-20 21:55:57 +0000},
	Journal = {Nat. Comm.},
	Number = {176},
	Title = {Macroscopic invisibility cloaking of visible light},
	Volume = {2},
	Year = {2011}}

@article{ref-lens,
	Author = {H. F. Ma and T. J. Cui},
	Date-Added = {2015-08-19 14:28:37 +0000},
	Date-Modified = {2015-08-20 21:56:00 +0000},
	Journal = {Nat. Comm.},
	Number = {124},
	Title = {Three-dimensional broadband and broad-angle transformation-optics lens},
	Volume = {1},
	Year = {2010}}

@article{ref-dliu,
	Author = {L. Gabrielli and D. Liu and S. G. Johnson and M. Lipson},
	Date-Added = {2015-08-19 14:28:37 +0000},
	Date-Modified = {2015-08-20 21:56:02 +0000},
	Journal = {Nat. Comm.},
	Number = {1217},
	Title = {On-chip transformation optics for multimode waveguide bends},
	Volume = {3},
	Year = {2012}}

@article{brandstetter_reversing_2014,
	Author = {Brandstetter, M. and Liertzer, M. and Deutsch, C. and Klang, P. and Sch{\"o}berl, J. and T{\"u}reci, H. E. and Strasser, G. and Unterrainer, K. and Rotter, S.},
	Date-Added = {2015-08-19 14:28:37 +0000},
	Date-Modified = {2015-08-20 21:56:05 +0000},
	Doi = {10.1038/ncomms5034},
	Journal = {Nat. Comm.},
	Keywords = {Applied physics, optical physics, Physical Sciences},
	Language = {en},
	Title = {Reversing the pump dependence of a laser at an exceptional point},
	Url = {http://www.nature.com/ncomms/2014/140613/ncomms5034/full/ncomms5034.html},
	Urldate = {2014-07-20},
	Volume = {5},
	Year = {2014},
	Bdsk-Url-1 = {http://www.nature.com/ncomms/2014/140613/ncomms5034/full/ncomms5034.html},
	Bdsk-Url-2 = {http://dx.doi.org/10.1038/ncomms5034}}

@article{ref-extreme_angle,
	Author = {N. Kundtz and D. R. Smith},
	Date-Added = {2015-08-19 14:28:37 +0000},
	Date-Modified = {2015-08-19 14:28:37 +0000},
	Journal = {Nat. Mat.},
	Pages = {129--132},
	Title = {Extreme-angle broadband metamaterial lens},
	Volume = {9},
	Year = {2010}}

@article{ref-valentine_cloak,
	Annote = {uses Li and Pendry quasiconformal mapping to design cloak
},
	Author = {J. Valentine and J. Li and T. Zentgraf and G. Bartal and X. Zhang},
	Date-Added = {2015-08-19 14:28:37 +0000},
	Date-Modified = {2015-08-19 14:28:37 +0000},
	Journal = {Nat. Mat.},
	Pages = {568--571},
	Title = {An optical cloak made of dielectrics},
	Volume = {8},
	Year = {2009}}

@article{ref-toreview,
	Author = {H. Chen and C. T. Chan and P. Sheng},
	Date-Added = {2015-08-19 14:28:37 +0000},
	Date-Modified = {2015-08-19 14:28:37 +0000},
	Journal = {Nat. Mat.},
	Pages = {387--396},
	Title = {Transformation optics and metamaterials},
	Volume = {9},
	Year = {2010}}

@article{ref-gabrielli_nature_photon,
	Author = {L. Gabrielli and J. Cardenas and C. B. Poitras and M. Lipson},
	Date-Added = {2015-08-19 14:28:37 +0000},
	Date-Modified = {2015-08-19 14:28:37 +0000},
	Journal = {Nat. Phot.},
	Pages = {461--463},
	Title = {Silicon nanostructure cloak operating at optical frequencies},
	Volume = {3},
	Year = {2009}}

@article{ref-lithography_review,
	Author = {T. Ito and S. Okazaki},
	Date-Added = {2015-08-19 14:28:37 +0000},
	Date-Modified = {2015-08-19 14:28:37 +0000},
	Journal = {Nature},
	Pages = {1027--1031},
	Title = {Pushing the limits of lithography},
	Volume = {406},
	Year = {2000}}

@article{stano_suppression_2013,
	Abstract = {Understanding random lasing is a formidable theoretical challenge. Unlike conventional lasers, random lasers have no resonator to trap light, they are highly multimode with potentially strong modal interactions, and they are based on disordered gain media, where photons undergo random multiple scattering. Interference effects notoriously modify the propagation of waves in such random media, but their fate in the presence of nonlinearity and interactions is poorly understood. Here, we present a semiclassical theory for multimode random lasing in the strongly scattering regime. We show that Anderson localization, a wave interference effect, is not affected by the presence of nonlinearities. To the contrary, its presence suppresses interactions between simultaneously lasing modes. Consequently, each lasing mode in a strongly scattering random laser is given by a single long-lived, Anderson localized mode of the passive cavity, the frequency and wave profile of which do not vary with pumping, even in the multimode regime when modes spatially overlap.
View full text},
	Author = {Stano, Peter and Jacquod, Philippe},
	Copyright = {{\textcopyright} 2012 Nature Publishing Group},
	Date-Added = {2015-08-19 14:28:37 +0000},
	Date-Modified = {2015-08-19 14:28:37 +0000},
	Doi = {10.1038/nphoton.2012.298},
	Journal = {Nat. Phot.},
	Number = {1},
	Pages = {66--71},
	Title = {Suppression of interactions in multimode random lasers in the Anderson localized regime},
	Url = {http://www.nature.com/nphoton/journal/v7/n1/abs/nphoton.2012.298.html},
	Urldate = {2013-01-14},
	Volume = {7},
	Year = {2013},
	Bdsk-Url-1 = {http://www.nature.com/nphoton/journal/v7/n1/abs/nphoton.2012.298.html},
	Bdsk-Url-2 = {http://dx.doi.org/10.1038/nphoton.2012.298}}

@article{quantumdot,
	Author = {B. Ellis and M. A. Mayer and G. Shambat and T. Sarmiento and J. Harris and E. E. Haller	 and J. Vuckovic},
	Date-Added = {2015-08-19 14:28:37 +0000},
	Date-Modified = {2015-08-19 14:28:37 +0000},
	Doi = {10.1038/nphoton.2011.51},
	Journal = {Nat. Phot.},
	Pages = {297--300},
	Title = {Ultralow-threshold electrically pumped quantum-dot photonic-crystal nanocavity laser},
	Volume = {5},
	Year = {2011},
	Bdsk-Url-1 = {http://dx.doi.org/10.1038/nphoton.2011.51}}

@article{Wang2012a,
	Author = {Wang, Jian and Yang, Jeng-yuan and Fazal, Irfan M and Ahmed, Nisar and Yan, Yan and Huang, Hao and Ren, Yongxiong and Yue, Yang and Dolinar, Samuel and Tur, Moshe and Willner, Alan E},
	Date-Added = {2015-08-19 14:28:37 +0000},
	Date-Modified = {2015-08-19 14:28:37 +0000},
	Doi = {10.1038/nphoton.2012.138},
	File = {:home/lucas/Bibliography/Wang et al.\_2012\_Terabit free-space data transmission employing orbital angular momentum multiplexing.pdf:pdf},
	Issn = {1749-4885},
	Journal = {Nat. Phot.},
	Keywords = {Free-space optics,Mode multiplexing},
	Mendeley-Tags = {Free-space optics,Mode multiplexing},
	Pages = {488-496},
	Publisher = {Nature Publishing Group},
	Title = {{Terabit free-space data transmission employing orbital angular momentum multiplexing}},
	Url = {http://dx.doi.org/10.1038/nphoton.2012.138 http://www.nature.com/doifinder/10.1038/nphoton.2012.138},
	Volume = {6},
	Year = {2012},
	Bdsk-Url-1 = {http://dx.doi.org/10.1038/nphoton.2012.138%20http://www.nature.com/doifinder/10.1038/nphoton.2012.138},
	Bdsk-Url-2 = {http://dx.doi.org/10.1038/nphoton.2012.138}}

@article{englund,
	Author = {H. Altug and D. Englund and J. Vuckovic},
	Date-Added = {2015-08-19 14:28:37 +0000},
	Date-Modified = {2015-08-19 14:28:37 +0000},
	Doi = {10.1038/nphys343},
	Journal = {Nat. Phys.},
	Pages = {484--488},
	Title = {Ultrafast photonic crystal nanocavity laser},
	Volume = {2},
	Year = {2006},
	Bdsk-Url-1 = {http://dx.doi.org/10.1038/nphys343}}

@article{vahala_optical_2003,
	Abstract = {Optical microcavities confine light to small volumes by resonant recirculation. Devices based on optical microcavities are already indispensable for a wide range of applications and studies. For example, microcavities made of active {III--V} semiconductor materials control laser emission spectra to enable long-distance transmission of data over optical fibres; they also ensure narrow spot-size laser read/write beams in {CD} and {DVD} players. In quantum optical devices, microcavities can coax atoms or quantum dots to emit spontaneous photons in a desired direction or can provide an environment where dissipative mechanisms such as spontaneous emission are overcome so that quantum entanglement of radiation and matter is possible. Applications of these remarkable devices are as diverse as their geometrical and resonant properties.},
	Author = {Vahala, Kerry J.},
	Copyright = {{\copyright} 2003 Nature Publishing Group},
	Date-Added = {2015-08-19 14:28:37 +0000},
	Date-Modified = {2015-08-19 14:28:37 +0000},
	Doi = {10.1038/nature01939},
	File = {Nature03_OpticalMicrocavities_Vahala.pdf:C:\Users\rotter\AppData\Roaming\Mozilla\Firefox\Profiles\h1fe3yxg.default\zotero\storage\UDTZ56FJ\Nature03_OpticalMicrocavities_Vahala.pdf:application/pdf},
	Issn = {0028-0836},
	Journal = {Nature},
	Keywords = {astronomy, astrophysics, biochemistry, bioinformatics, biology, biotechnology, cancer, cell cycle, cell signalling, climate change, computational biology, development, developmental biology, {DNA}, drug discovery, earth science, ecology, environmental science, evolution, evolutionary biology, functional genomics, genetics, genomics, geophysics, immunology, interdisciplinary science, life, marine biology, materials science, medical research, medicine, metabolomics, molecular biology, molecular interactions, nanotechnology, Nature, neurobiology, neuroscience, palaeobiology, pharmacology, physics, proteomics, quantum physics, {RNA}, science, science news, science policy, signal transduction, structural biology, systems biology, transcriptomics},
	Language = {en},
	Number = {6950},
	Pages = {839--846},
	Title = {Optical microcavities},
	Url = {http://www.nature.com/nature/journal/v424/n6950/full/nature01939.html},
	Urldate = {2012-04-09},
	Volume = {424},
	Year = {2003},
	Bdsk-Url-1 = {http://www.nature.com/nature/journal/v424/n6950/full/nature01939.html},
	Bdsk-Url-2 = {http://dx.doi.org/10.1038/nature01939}}

@article{nature_phc,
	Author = {S. Noda and A. Chutinan and M. Imada},
	Date-Added = {2015-08-19 14:28:37 +0000},
	Date-Modified = {2015-08-19 14:28:37 +0000},
	Doi = {10.1038/35036532},
	Journal = {Nature},
	Pages = {608--610},
	Title = {Trapping and emission of photons by a single defect in a photonic bandgap structure},
	Volume = {407},
	Year = {2000},
	Bdsk-Url-1 = {http://dx.doi.org/10.1038/35036532}}

@article{ref-yan-cloak,
	Author = {W. Yan and M. Yan and Z. Ruan and M. Qiu},
	Date-Added = {2015-08-19 14:28:37 +0000},
	Date-Modified = {2015-08-19 14:28:37 +0000},
	Journal = {New J. Phys.},
	Number = {043040},
	Title = {Coordinate transformations make perfect invisibility cloaks with arbitrary shape},
	Volume = {10},
	Year = {2008}}

@article{ref-variable,
	Author = {Z. Liang and X. Jiang and F. Miao and S. Guenneau and J. Li},
	Date-Added = {2015-08-19 14:28:37 +0000},
	Date-Modified = {2015-08-19 14:28:37 +0000},
	Journal = {New J. Phys.},
	Number = {103042},
	Title = {Transformation media with variable optical axes},
	Volume = {14},
	Year = {2012}}

@article{ref-planar_antenna,
	Author = {Z. L. Mei and J. Bai and T. J. Cui},
	Date-Added = {2015-08-19 14:28:37 +0000},
	Date-Modified = {2015-08-19 14:28:37 +0000},
	Journal = {New J. Phys.},
	Number = {063028},
	Title = {Experimental verification of a broadband planar focusing antenna based on transformation optics},
	Volume = {13},
	Year = {2011}}

@article{tureci_ab_2009,
	Abstract = {We review our recent work leading to steady-state solutions of the semiclassical (Maxwell-Bloch) equations of a laser. These are coupled nonlinear partial differential equations in space and time which have previously been solved either by fully time-dependent numerical simulations or by using major approximations which neglect nonlinear modal interactions and/or the openness of the laser system. We have found a time-independent technique for determining these stationary solutions which can treat lasers of arbitrary complexity and degree of openness. Our method has been shown to agree with time-dependent numerical solutions to high accuracy and has been applied to find the electric field patterns (lasing modes) of random lasers, which lack a laser cavity and are so strongly damped that the linear system has no detectable resonances. Our work provides a link between an important nonlinear wave system and the field of quantum/wave chaos in linear systems.},
	Author = {H. T{\"u}reci and A. D. Stone and L. Ge and S. Rotter and R. J. Tandy},
	Date-Added = {2015-08-19 14:28:37 +0000},
	Date-Modified = {2015-08-19 14:28:37 +0000},
	Doi = {10.1088/0951-7715/22/1/C01},
	Journal = {Nonlinearity},
	Number = {1},
	Pages = {C1{\textendash}C18},
	Title = {Ab initio self-consistent laser theory and random lasers},
	Volume = {22},
	Year = {2009},
	Bdsk-Url-1 = {http://dx.doi.org/10.1088/0951-7715/22/1/C01}}

@article{ref-zernike,
	Author = {F. Zernike},
	Date-Added = {2015-08-19 14:28:37 +0000},
	Date-Modified = {2015-08-19 14:28:37 +0000},
	Journal = {Opt. Commun.},
	Number = {4},
	Pages = {379--381},
	Title = {Luneburg lens for optical waveguide use},
	Volume = {12},
	Year = {1974}}

@article{ref-achromatic,
	Author = {J. Smajic and C. Hafner and D. Erni},
	Date-Added = {2015-08-19 14:28:37 +0000},
	Date-Modified = {2015-08-19 14:28:37 +0000},
	Journal = {Opt. Express},
	Number = {12},
	Pages = {1378--1384},
	Title = {Design and optimization of an achromatic photonic crystal bend},
	Volume = {11},
	Year = {2003}}

@article{ref-continuous_phc_bandedge,
        Author = {G. Vecchi and F. Raineri and I. Sagnes and A. Yacomotti and P. Monnier and T. J. Karle and K-H. Lee and R. Braive and L. Le Gratiet and S. Guilet and G. Beaudoin and A. Talneau and S. Bouchoule and A. Levenson and R. Raj},
        Journal = {Opt. Express},
        Number = {12},
        Pages = {7551--7556},
        Title = {Continuous-wave operation of photonic bandedge
laser near 1.55 $\mu$m on silicon wafer},
        Volume = {15},
        Year = {2003}}

@article{ref-yetanother_bend,
	Author = {Y. Zhang and B. Li},
	Date-Added = {2015-08-19 14:28:37 +0000},
	Date-Modified = {2015-08-19 14:28:37 +0000},
	Journal = {Opt. Express},
	Number = {12},
	Pages = {5723--5732},
	Title = {Photonic crystal-based bending waveguides for optical interconnections},
	Volume = {14},
	Year = {2006}}

@article{ref-compact_flexible,
	Author = {B. Chen and T. Tang and H. Chen},
	Date-Added = {2015-08-19 14:28:37 +0000},
	Date-Modified = {2015-08-19 14:28:37 +0000},
	Journal = {Opt. Express},
	Number = {7},
	Pages = {5033--5038},
	Title = {Study on a compact flexible photonic crystal waveguide and its bends},
	Volume = {17},
	Year = {2009}}

@article{ref-vic_liu,
	Author = {V. Liu and S. Fan},
	Date-Added = {2015-08-19 14:28:37 +0000},
	Date-Modified = {2015-08-19 14:28:37 +0000},
	Journal = {Opt. Express},
	Number = {7},
	Pages = {8069--8075},
	Title = {Compact bends for multi-mode photonic crystal waveguides with high transmission and suppressed modal crosstalk},
	Volume = {21},
	Year = {2013}}

@article{ref-fan_bends,
	Author = {V. Liu and S. Fan},
	Date-Added = {2015-08-19 14:28:37 +0000},
	Date-Modified = {2015-08-19 14:28:37 +0000},
	Journal = {Opt. Express},
	Number = {7},
	Pages = {8069--8075},
	Title = {Compact bends for multi-mode photonic crystal waveguides with high transmission and suppressed modal crosstalk},
	Volume = {21},
	Year = {2013}}

@article{ref-enhancing-image,
	Author = {D. R. Smith and Y. Urzhumov and N. B. Kundtz and N. I. Landy},
	Date-Added = {2015-08-19 14:28:37 +0000},
	Date-Modified = {2015-08-19 14:28:37 +0000},
	Journal = {Opt. Express},
	Number = {20},
	Pages = {21238--21251},
	Title = {Enhancing imaging systems using transformation optics},
	Volume = {18},
	Year = {2010}}

@article{ref-robust,
	Author = {A. Oskooi and A. Mutapcic and S. Noda and J. D. Joannopoulos and S. P. Boyd and S. G. Johnson},
	Date-Added = {2015-08-19 14:28:37 +0000},
	Date-Modified = {2015-08-19 14:28:37 +0000},
	Journal = {Opt. Express},
	Number = {19},
	Pages = {21558--21575},
	Title = {Robust optimization of adiabatic tapers for coupling to slow-light photonic-crystal waveguides},
	Volume = {20},
	Year = {2012}}

@article{ref-topology_fab,
	Author = {P. Borel and A. Harp{\o}th and L. Frandsen and M. Kristensen and P. Shi and J. Jensen and O. Sigmund},
	Date-Added = {2015-08-19 14:28:37 +0000},
	Date-Modified = {2015-08-19 14:28:37 +0000},
	Journal = {Opt. Express},
	Number = {9},
	Pages = {1996},
	Title = {Topology optimization and fabrication of photonic crystal structures},
	Volume = {12},
	Year = {2004}}

@article{ref-rightangle,
	Author = {C. Ma and Q. Zhang and E. V. Keuren},
	Date-Added = {2015-08-19 14:28:37 +0000},
	Date-Modified = {2015-08-19 14:28:37 +0000},
	Journal = {Opt. Express},
	Number = {19},
	Pages = {14330},
	Title = {Right-angle slot waveguide bends with high bending efficiency},
	Volume = {16},
	Year = {2008}}

@article{ref-squeezing,
	Author = {C. Garc{\'\i}a-Meca and M. M. Tung and J. V. Gal{\'a}n and R. Ortu{\~n}o and F. J. Rodr{\'\i}guez-Fortu{\~n}o and J. Mart{\'\i} and A. Mart{\'\i}nez},
	Date-Added = {2015-08-19 14:28:37 +0000},
	Date-Modified = {2015-08-19 14:28:37 +0000},
	Journal = {Opt. Express},
	Number = {4},
	Pages = {3562--3757},
	Title = {Squeezing and expanding light without reflections via transformation optics},
	Volume = {19},
	Year = {2011}}

@article{ref-homogeneous,
	Author = {T. Han and C. Qiu and J. Dong and X. Tang and S. Zouhdi},
	Date-Added = {2015-08-19 14:28:37 +0000},
	Date-Modified = {2015-08-19 14:28:37 +0000},
	Journal = {Opt. Express},
	Number = {14},
	Pages = {13020--13030},
	Title = {Homogeneous and isotropic bends to tunnel waves through multiple different/equal waveguides along arbitrary directions},
	Volume = {19},
	Year = {2011}}

@article{ref-controlscattering,
	Author = {S. Wang and S. Liu},
	Date-Added = {2015-08-19 14:28:37 +0000},
	Date-Modified = {2015-08-19 14:28:37 +0000},
	Journal = {Opt. Express},
	Number = {6},
	Pages = {6777--6785},
	Title = {Controlling electromagnetic scattering of a cavity by transformation media},
	Volume = {20},
	Year = {2012}}

@article{ref-resistor,
	Author = {Z. L. Mei and Y. S. Liu and F. Yang and T. J. Cui},
	Date-Added = {2015-08-19 14:28:37 +0000},
	Date-Modified = {2015-08-19 14:28:37 +0000},
	Journal = {Opt. Express},
	Number = {23},
	Pages = {25758--25764},
	Title = {A {DC} carpet cloak based on resistor networks},
	Volume = {20},
	Year = {2012}}

@article{ref-fiberchip,
	Author = {P. Markov and J. G. Valentine and S. M. Weiss},
	Date-Added = {2015-08-19 14:28:37 +0000},
	Date-Modified = {2015-08-19 14:28:37 +0000},
	Journal = {Opt. Express},
	Number = {13},
	Pages = {14705--14712},
	Title = {Fiber-to-chip coupler designed using an optical transformation},
	Volume = {20},
	Year = {2012}}

@article{ref-quasi-isotropic,
	Author = {Z. Chang and X. Zhou and J. Hu and G. Hu},
	Date-Added = {2015-08-19 14:28:37 +0000},
	Date-Modified = {2015-08-19 14:28:37 +0000},
	Journal = {Opt. Express},
	Number = {6},
	Pages = {6089--6096},
	Title = {Design method for quasi-isotropic transformation materials based on inverse {Laplace's} equation with sliding boundaries},
	Volume = {18},
	Year = {2010}}

@article{ref-zbend,
	Abstract = {Topology optimization has been used to design a 60{\textdegree} bend in a single-mode planar photonic crystal waveguide. The design has been realized in a silicon-on-insulator material and we demonstrate a record-breaking 200-nm transmission bandwidth with an average bend loss of 0.43{\textpm}0.27 dB for the TE polarization. The experimental results agree well with 3D finite-difference-time-domain simulations.},
	Author = {L. Frandsen and A. Harp{\o}th and P. Borel and M. Kristensen and J. Jensen and O. Sigmund},
	Date-Added = {2015-08-19 14:28:37 +0000},
	Date-Modified = {2015-08-19 14:28:37 +0000},
	Journal = {Opt. Express},
	Number = {24},
	Pages = {5916--5921},
	Title = {Broadband photonic crystal waveguide 60{\textdegree} bend obtained utilizing topology optimization},
	Volume = {12},
	Year = {2004},
	Bdsk-Url-1 = {http://www.opticsexpress.org/abstract.cfm?URI=oe-12-24-5916},
	Bdsk-Url-2 = {http://dx.doi.org/10.1364/OPEX.12.005916}}

@article{ref-vuckovic-inverse,
	Author = {J. Lu and J. Vuckovic},
	Date-Added = {2015-08-19 14:28:37 +0000},
	Date-Modified = {2015-08-19 14:28:37 +0000},
	Journal = {Opt. Express},
	Number = {4},
	Pages = {3793--3804},
	Title = {Inverse design of nanophotonic structures using complementary convex optimization},
	Volume = {18},
	Year = {2010}}

@article{ref-graded-index-photonic,
	Abstract = {We explore two-dimensional triangular lattice photonic crystals composed of air holes in a dielectric background which are subject to a graded-index distribution along the direction transverse to the propagation. The proper choice of the parameters such as the input beam width, gradient coefficient, and the operating frequency allow the realizations of the focusing (lens) and guiding (waveguide) effects upon which more complex optical devices such as couplers can be designed. Numerical results obtained by the finite-difference time-domain and planewave expansion methods validate the application of Gaussian optics within a range of parameters where close agreement between them are observed.},
	Author = {H. Kurt and D. S. Citrin},
	Date-Added = {2015-08-19 14:28:37 +0000},
	Date-Modified = {2015-08-19 14:28:37 +0000},
	Journal = {Opt. Express},
	Number = {3},
	Pages = {1240--1253},
	Title = {Graded index photonic crystals},
	Volume = {15},
	Year = {2007},
	Bdsk-Url-1 = {http://www.opticsexpress.org/abstract.cfm?URI=oe-15-3-1240},
	Bdsk-Url-2 = {http://dx.doi.org/10.1364/OE.15.001240}}

@article{ref-nanorods,
	Author = {J. H. Lee and J. Blair and V. A. Tamma and Q. Wu and S. J. Rhee and C. J. Summers and W. Park},
	Date-Added = {2015-08-19 14:28:37 +0000},
	Date-Modified = {2015-08-19 14:28:37 +0000},
	Journal = {Opt. Express},
	Number = {15},
	Pages = {12922--12928},
	Title = {Direct visualization of optical frequency invisibility cloak based on silicon nanorod array},
	Volume = {17},
	Year = {2009}}

@article{ref-antenna,
	Author = {C. Garcia-Meca and A. Martinez and U. Leonhardt},
	Date-Added = {2015-08-19 14:28:37 +0000},
	Date-Modified = {2015-08-19 14:28:37 +0000},
	Journal = {Opt. Express},
	Number = {24},
	Pages = {23743--23750},
	Title = {Engineering antenna radiation patterns via quasi-conformal mappings},
	Volume = {19},
	Year = {2011}}

@article{ref-schwarz,
	Author = {L. Tang and J. Yin and G. Yuan and J. Du and H. Gao and X. Dong and Y. Lu and C. Du},
	Date-Added = {2015-08-19 14:28:37 +0000},
	Date-Modified = {2015-08-19 14:28:37 +0000},
	Journal = {Opt. Express},
	Number = {16},
	Pages = {15119-15126},
	Title = {General conformal transformation method based on {Schwarz--Christoffel} approach},
	Volume = {19},
	Year = {2011}}

@article{ref-conformal_pennstate,
	Author = {J. P. Turpin and A. T. Massoud and Z. H. Jiang and P. L. Werner and D. H. Wener},
	Date-Added = {2015-08-19 14:28:37 +0000},
	Date-Modified = {2015-08-19 14:28:37 +0000},
	Journal = {Opt. Express},
	Number = {1},
	Pages = {244--252},
	Title = {Conformal mappings to achieve simple material parameters for transformation optics devices},
	Volume = {18},
	Year = {2010}}

@article{ref-affine,
	Author = {H. Xu and B. Zhang and Y. Yu and G. Barbastathis and H. Sun},
	Date-Added = {2015-08-19 14:28:37 +0000},
	Date-Modified = {2015-08-19 14:28:37 +0000},
	Journal = {Opt. Express},
	Number = {6},
	Pages = {1287--1290},
	Title = {Dielectric waveguide bending adapter with ideal transmission},
	Volume = {29},
	Year = {2012}}

@article{ref-grayscale,
	Author = {L. Gabrielli and M. Lipson},
	Date-Added = {2015-08-19 14:28:37 +0000},
	Date-Modified = {2015-08-19 14:28:37 +0000},
	Journal = {Opt. Express},
	Number = {21},
	Pages = {20122-20127},
	Title = {Integrated Luneburg lens via ultra-strong index gradient on silicon},
	Volume = {19},
	Year = {2011}}

@article{ref-graded,
	Author = {Y. Wang and C. Sheng and H. Liu and Y.J. Zheng and C. Zhu and S. M. Wang and S. N. Zhu},
	Date-Added = {2015-08-19 14:28:37 +0000},
	Date-Modified = {2015-08-19 14:28:37 +0000},
	Journal = {Opt. Express},
	Number = {12},
	Pages = {13006-13013},
	Title = {Transformation bending device emulated by graded-index waveguide},
	Volume = {20},
	Year = {2012}}

@article{ref-elements,
	Author = {D. Schurig and J. B. Pendry and D. R. Smith},
	Date-Added = {2015-08-19 14:28:37 +0000},
	Date-Modified = {2015-08-19 14:28:37 +0000},
	Journal = {Opt. Express},
	Number = {22},
	Pages = {14772--14782},
	Title = {Transformation-designed optical elements},
	Volume = {15},
	Year = {2007}}

@article{ref-ray_tracing,
	Author = {D. Schurig and J. B. Pendry and D. R. Smith},
	Date-Added = {2015-08-19 14:28:37 +0000},
	Date-Modified = {2015-08-19 14:28:37 +0000},
	Journal = {Opt. Express},
	Number = {21},
	Pages = {9794-9804},
	Title = {Calculation of material properties and ray tracing in transformation media},
	Volume = {14},
	Year = {2006}}

@article{ref-landy,
	Author = {N. I. Landy and W. J. Padilla},
	Date-Added = {2015-08-19 14:28:37 +0000},
	Date-Modified = {2015-08-19 14:28:37 +0000},
	Journal = {Opt. Express},
	Number = {17},
	Pages = {14872--14879},
	Title = {Guiding light with conformal transformations},
	Volume = {17},
	Year = {2009}}

@article{ref-tid,
	Author = {D. Liu and L. Gabrielli and M. Lipson and S. G. Johnson},
	Date-Added = {2015-08-19 14:28:37 +0000},
	Date-Modified = {2015-08-19 14:28:37 +0000},
	Journal = {Opt. Express},
	Number = {12},
	Pages = {14223--14243},
	Title = {Transformation inverse design},
	Volume = {21},
	Year = {2013}}

@article{ref-exp_bend,
	Author = {Z. L. Mei and T. T. Cui},
	Date-Added = {2015-08-19 14:28:37 +0000},
	Date-Modified = {2015-08-19 14:28:37 +0000},
	Journal = {Opt. Express},
	Number = {20},
	Pages = {18354--18363},
	Title = {Experimental realization of a broadband bend structure using gradient index metamaterials},
	Volume = {17},
	Year = {2009}}

@article{ref-adaptive,
	Author = {M. Rahm and D. A. Roberts and J. B. Pendry and D. R. Smith.},
	Date-Added = {2015-08-19 14:28:37 +0000},
	Date-Modified = {2015-08-19 14:28:37 +0000},
	Journal = {Opt. Express},
	Number = {15},
	Pages = {11555--11567},
	Title = {Transformation-optical design of adaptive beam bends and beam expanders.},
	Volume = {16},
	Year = {2008}}

@article{ge_quantitative_2008,
	Author = {Ge, Li and Tandy, Robert J. and Stone, A. D. and T{\"u}reci, Hakan E.},
	Date-Added = {2015-08-19 14:28:37 +0000},
	Date-Modified = {2015-08-19 14:28:37 +0000},
	Doi = {10.1364/OE.16.016895},
	Journal = {Opt. Express},
	Number = {21},
	Pages = {16895--16902},
	Title = {Quantitative verification of ab initio self-consistent laser theory},
	Url = {http://www.opticsexpress.org/abstract.cfm?URI=oe-16-21-16895},
	Urldate = {2012-09-07},
	Volume = {16},
	Year = {2008},
	Bdsk-Url-1 = {http://www.opticsexpress.org/abstract.cfm?URI=oe-16-21-16895},
	Bdsk-Url-2 = {http://dx.doi.org/10.1364/OE.16.016895}}

@article{ref-china_squeeze,
	Author = {X.~Zhang and H.~Chen and X.~Luo and H.~Ma},
	Date-Added = {2015-08-19 14:28:37 +0000},
	Date-Modified = {2015-08-19 14:28:37 +0000},
	Doi = {10.1364/OE.16.016895},
	Journal = {Opt. Express},
	Number = {16},
	Pages = {11764--11768},
	Title = {Transformation media that turn a narrow slit into a large window},
	Url = {http://www.opticsexpress.org/abstract.cfm?URI=oe-16-21-16895},
	Volume = {16},
	Year = {2008},
	Bdsk-Url-1 = {http://www.opticsexpress.org/abstract.cfm?URI=oe-16-21-16895},
	Bdsk-Url-2 = {http://dx.doi.org/10.1364/OE.16.016895}}

@article{chua_low-threshold_2011,
	Author = {Chua, Song-Liang and Chong, Yidong and Stone, A. Douglas and Solja\v{c}i\'{c}, Marin and Bravo-Abad, Jorge},
	Date-Added = {2015-08-19 14:28:37 +0000},
	Date-Modified = {2015-08-19 14:28:37 +0000},
	Doi = {10.1364/OE.19.001539},
	Journal = {Opt. Express},
	Number = {2},
	Pages = {1539--1562},
	Title = {Low-threshold lasing action in photonic crystal slabs enabled by Fano resonances},
	Url = {http://www.opticsexpress.org/abstract.cfm?URI=oe-19-2-1539},
	Urldate = {2012-06-29},
	Volume = {19},
	Year = {2011},
	Bdsk-Url-1 = {http://www.opticsexpress.org/abstract.cfm?URI=oe-19-2-1539},
	Bdsk-Url-2 = {http://dx.doi.org/10.1364/OE.19.001539}}

@article{cerjan_steady-state_2012,
	Author = {Cerjan, Alexander and Chong, Yidong and Ge, Li and Stone, A. Douglas},
	Date-Added = {2015-08-19 14:28:37 +0000},
	Date-Modified = {2015-08-19 14:28:37 +0000},
	Doi = {10.1364/OE.20.000474},
	Journal = {Opt. Express},
	Number = {1},
	Pages = {474--488},
	Title = {Steady-state ab initio laser theory for N-level lasers},
	Url = {http://www.opticsexpress.org/abstract.cfm?URI=oe-20-1-474},
	Urldate = {2012-09-07},
	Volume = {20},
	Year = {2012},
	Bdsk-Url-1 = {http://www.opticsexpress.org/abstract.cfm?URI=oe-20-1-474},
	Bdsk-Url-2 = {http://dx.doi.org/10.1364/OE.20.000474}}

@article{lu_vuckovic,
	Author = {J. Lu and J. Vuckovic},
	Date-Added = {2015-08-19 14:28:37 +0000},
	Date-Modified = {2015-08-19 14:28:37 +0000},
	Doi = {10.1364/OE.18.003793},
	Journal = {Opt. Express},
	Number = 4,
	Pages = {3793--3804},
	Title = {Inverse design of nanophotonic structures using complementary convex optimization},
	Volume = {18},
	Year = {2010},
	Bdsk-Url-1 = {http://dx.doi.org/10.1364/OE.18.003793}}

@article{chua_lasers,
	Author = {S.-L. Chua and C. A. Caccamise and D. J. Phillips and J. D. Joannopoulos and M. Solja\v{c}i\'{c} and H. O. Everitt and J. Bravo-Abad},
	Date-Added = {2015-08-19 14:28:37 +0000},
	Date-Modified = {2015-08-19 14:28:37 +0000},
	Doi = {10.1364/OE.19.007513},
	Journal = {Opt. Express},
	Number = 8,
	Pages = {7513--7529},
	Title = {Spatio-temporal theory of lasing action in optically-pumped rotationally excited molecular gases},
	Volume = {19},
	Year = {2011},
	Bdsk-Url-1 = {http://dx.doi.org/10.1364/OE.19.007513}}

@article{xd_optexp,
	Author = {X. Liang and S. G. Johnson},
	Date-Added = {2015-08-19 14:28:37 +0000},
	Date-Modified = {2015-08-19 14:28:37 +0000},
	Doi = {10.1364/OE.21.030812},
	Journal = {Opt. Express},
	Number = 25,
	Pages = {30812--30841},
	Title = {Formulation for scalable optimization of microcavities via the frequency-averaged local density of states},
	Volume = {21},
	Year = {2013},
	Bdsk-Url-1 = {http://dx.doi.org/10.1364/OE.21.030812}}

@article{ref-birefringent,
	Author = {F. Xu and R. C. Tyan and P. C. Sun and Y. Fainman and C. C. Cheng and A. Scherer},
	Date-Added = {2015-08-19 14:28:37 +0000},
	Date-Modified = {2015-08-19 14:28:37 +0000},
	Journal = {Opt. Lett.},
	Number = {24},
	Pages = {2457--2459},
	Title = {Fabrication, modeling, and characterization of form-birefringent nanostructures},
	Volume = {20},
	Year = {1995}}

@article{ref-subpixel,
	Author = {A. Farjadpour and D. Roundy and A. Rodriguez and M. Ibanescu and P. Bermel and J. D. Joannopoulos and S. G. Johnson},
	Date-Added = {2015-08-19 14:28:37 +0000},
	Date-Modified = {2015-08-19 14:28:37 +0000},
	Journal = {Opt. Lett.},
	Number = {20},
	Pages = {2972--2974},
	Title = {Improving accuracy by subpixel smoothing in the finite-difference time domain},
	Volume = {31},
	Year = {2006}}

@article{ref-bermel,
	Author = {P. Bermel and E. Lidorikis and J. D. Joannopoulos},
	Date-Added = {2015-08-19 14:28:37 +0000},
	Date-Modified = {2015-08-19 14:28:37 +0000},
	Journal = {Phys. Rev. B},
	Number = {165125},
	Title = {Active materials embedded in photonic crystals and coupled to electromagnetic radiation},
	Volume = {73},
	Year = {2006}}

@article{ref-johnson_pert_theory,
        Author = {S. G. Johnson and M. Ibanescu and M. A. Skorobogatiy and O. Weisberg and J. D. Joannopoulos},
        Journal = {Phys. Rev. E},
        Number = {066611},
        Title = {Perturbation theory for Maxwell’s equations with shifting material boundaries},
        Volume = {65},
        Year = {2002}}

@article{ref-imada_phc_distributed,
        Author = {M. Imada and A. Chutinan and S. Noda and M. Mochizuki},
        Journal = {Phys. Rev. B},
        Number = {195306},
        Title = {Multidirectionally distributed feedback photonic crystal lasers},
        Volume = {65},
        Year = {2002}}

@article{ref-turnbull,
        Author = {G. A. Turnbull and P. Andrew and M. J. Jory and W. L. Barnes and I. D. W. Samuel},
        Journal = {Phys. Rev. B},
        Number = {125122},
        Title = {Relationship between photonic band structure and emission characteristics of a polymer distributed feedback laser},
        Volume = {64},
        Year = {2001}}

@article{ref-bidirectional,
	Author = {H. Zeghlache and P. Mandel and N. B. Abraham and L. M. Hoffer and G. L. Lippi and T. Mello},
	Date-Added = {2015-08-19 14:28:37 +0000},
	Date-Modified = {2015-08-19 14:28:37 +0000},
	Journal = {Phys. Rev. A},
	Number = {2},
	Title = {Bidirectional ring laser: Stability analysis and time-dependent solutions},
	Volume = {37},
	Year = {1987}}

@article{ref-MBring,
	Author = {L. A. Lugiato and L. M. Narducci and M. F. Squicciarini},
	Date-Added = {2015-08-19 14:28:37 +0000},
	Date-Modified = {2015-08-19 14:28:37 +0000},
	Journal = {Phys. Rev. A},
	Number = {4},
	Title = {Exact linear stability analysis of the plane-wave Maxwell--Bloch equations for a ring laser},
	Volume = {34},
	Year = {1986}}

@article{ref-breaking_cylindrical_symmetry,
	Author = {L. A. Lugiato and F. Prati and L. M. Narducci and G. L. Oppo},
	Date-Added = {2015-08-19 14:28:37 +0000},
	Date-Modified = {2015-08-19 14:28:37 +0000},
	Journal = {Opt. Commun.},
	Number = {5},
	Title = {Spontaneous breaking of the cylindrical symmetry in lasers},
	Volume = {69},
	Year = {1988}}

@article{ref-risken_instability,
	Author = {H. Risken and K. Nummedal},
	Date-Added = {2015-08-19 14:28:37 +0000},
	Date-Modified = {2015-08-19 14:28:37 +0000},
	Journal = {Phys. Lett.},
	Number = {7},
	Title = {Instability of off resonance modes in lasers},
	Volume = {26A},
	Year = {1968}}

@article{ref-cao_review,
	Author = {H. Cao and J. Wiersig},
	Date-Added = {2015-08-19 14:28:37 +0000},
	Date-Modified = {2015-08-19 14:28:37 +0000},
	Journal = {Rev. Mod. Phys.},
	Number = {1},
	Title = {Dielectric microcavities: Model systems for wave chaos
and non-Hermitian physics},
	Volume = {87},
	Year = {2015}}

@article{ref-lamb,
	Author = {W. E. Lamb},
	Date-Added = {2015-08-19 14:28:37 +0000},
	Date-Modified = {2015-08-19 14:28:37 +0000},
	Journal = {Phys. Rev.},
	Number = {A1429},
	Title = {Theory of optical maser},
	Volume = {134},
	Year = {1964}}

@article{ref-sauermann,
	Author = {H. Haken and H. Sauermann},
	Date-Added = {2015-08-19 14:28:37 +0000},
	Date-Modified = {2015-08-19 14:28:37 +0000},
	Journal = {Z. Phys.},
	Number = {261},
	Title = {Nonlinear interactions of laser modes},
	Volume = {173},
	Year = {1963}}

@article{ref-kohn_dft,
	Author = {P. Hohenberg and W. Kohn},
	Date-Added = {2015-08-19 14:28:37 +0000},
	Date-Modified = {2015-08-19 14:28:37 +0000},
	Journal = {Phys. Rev.},
	Number = {3B},
	Title = {Inhomogeneous Electron Gas},
	Volume = {136},
	Year = {1964}}

@article{ref-chem_dft,
	Author = {K. Burke and J. Werschnik and E. K. U. Gross},
	Date-Added = {2015-08-19 14:28:37 +0000},
	Date-Modified = {2015-08-19 14:28:37 +0000},
	Journal = {J. Chem. Phys.},
	Number = {6},
	Title = {Time-dependent density functional theory: Past, present, and future},
	Volume = {123},
	Year = {1964}}

@article{ref-kippenberg,
	Author = {T. J. Kippenberg and J. Kalkman and A. Polman and K. J. Valhala},
	Date-Added = {2015-08-19 14:28:37 +0000},
	Date-Modified = {2015-08-19 14:28:37 +0000},
	Journal = {Phys. Rev. A},
	Number = {051802},
	Title = {Demonstration of an erbium-doped microdisk laser on a silicon chip},
	Volume = {74},
	Year = {2006}}

@article{ref-tamm,
	Author = {C. Tamm},
	Date-Added = {2015-08-19 14:28:37 +0000},
	Date-Modified = {2015-08-19 14:28:37 +0000},
	Journal = {Phys. Rev. A},
	Number = {11},
	Title = {Frequency locking of two transverse optical modes of a laser},
	Volume = {38},
	Year = {1988}}

@article{sgj_phc_defect2001,
	Author = {Lin, S. Y. and Chow, E. and Johnson, S. G. and Joannopoulos, J. D.},
	Date-Added = {2015-08-19 14:28:37 +0000},
	Date-Modified = {2015-08-19 14:28:37 +0000},
	Doi = {10.1364/OL.26.001903},
	Journal = {Opt. Lett.},
	Pages = {1903--1905},
	Title = {{Direct measurement of the quality factor in a two-dimensional photonic-crystal microcavity}},
	Volume = {26},
	Year = {2001},
	Bdsk-Url-1 = {http://dx.doi.org/10.1364/OL.26.001903}}

@article{DiFalco2011,
	Author = {{Di Falco}, Andrea and Kehr, Susanne C. and Leonhardt, Ulf},
	Doi = {10.1364/OE.19.005156},
	Journal = {Opt. Express},
	Pages = {5156-5162},
	Title = {{Luneburg lens in silicon photonics}},
	Url = {http://www.opticsinfobase.org/abstract.cfm?URI=oe-19-6-5156},
	Volume = {19},
	Year = {2011},
	Bdsk-Url-2 = {http://dx.doi.org/10.1364/OE.19.005156}}

@article{Randel2011,
	Author = {Randel, Sebastian and Ryf, Roland and Sierra, Alberto and Winzer, Peter J and Gnauck, Alan H and Bolle, Cristian A and Essiambre, Ren\'{e}-Jean and Peckham, David W and McCurdy, Alan and Lingle, Robert},
	Date-Added = {2015-08-19 14:28:37 +0000},
	Date-Modified = {2015-08-20 21:55:38 +0000},
	Doi = {10.1364/OE.19.016697},
	File = {:home/lucas/Bibliography/Randel et al.\_2011\_6×56-Gbs mode-division multiplexed transmission over 33-km few-mode fiber enabled by 6×6 MIMO equalization.pdf:pdf},
	Issn = {1094-4087},
	Journal = {Opt. Express},
	Keywords = {Fiber Optics,Mode multiplexing},
	Mendeley-Tags = {Fiber Optics,Mode multiplexing},
	Pages = {16697-16707},
	Title = {{6$\times$56-Gb/s mode-division multiplexed transmission over 33-km few-mode fiber enabled by 6$\times$6 MIMO equalization}},
	Url = {http://www.opticsinfobase.org/abstract.cfm?URI=oe-19-17-16697},
	Volume = {19},
	Year = {2011},
	Bdsk-Url-1 = {http://www.opticsinfobase.org/abstract.cfm?URI=oe-19-17-16697},
	Bdsk-Url-2 = {http://dx.doi.org/10.1364/OE.19.016697}}

@article{Bai2012,
	Abstract = {We demonstrate mode-division multiplexed WDM transmission over 50-km of few-mode fiber using the fiber's LP01 and two degenerate LP11 modes. A few-mode EDFA is used to boost the power of the output signal before a few-mode coherent receiver. A 6×6 time-domain MIMO equalizer is used to recover the transmitted data. We also experimentally characterize the 50-km few-mode fiber and the few-mode EDFA.},
	Author = {Bai, Neng and Ip, Ezra and Huang, Yue-Kai and Mateo, Eduardo and Yaman, Fatih and Li, Ming-Jun and Bickham, Scott and Ten, Sergey and Li\~{n}ares, Jes\'{u}s and Montero, Carlos and Moreno, Vicente and Prieto, Xes\'{u}s and Tse, Vincent and {Man Chung}, Kit and Lau, Alan Pak Tao and Tam, Hwa-Yaw and Lu, Chao and Luo, Yanhua and Peng, Gang-Ding and Li, Guifang and Wang, Ting},
	Date-Added = {2015-08-19 14:28:37 +0000},
	Date-Modified = {2015-08-20 21:55:41 +0000},
	Doi = {10.1364/OE.20.002668},
	File = {:home/lucas/Bibliography/Bai et al.\_2012\_Mode-division multiplexed transmission with inline few-mode fiber amplifier.pdf:pdf},
	Issn = {1094-4087},
	Journal = {Opt. Express},
	Keywords = {Fiber Optics,Mode multiplexing},
	Mendeley-Tags = {Fiber Optics,Mode multiplexing},
	Pages = {2668-2680},
	Pmid = {22330504},
	Title = {{Mode-division multiplexed transmission with inline few-mode fiber amplifier}},
	Url = {http://www.opticsinfobase.org/abstract.cfm?URI=oe-20-3-2668},
	Volume = {20},
	Year = {2012},
	Bdsk-Url-1 = {http://www.opticsinfobase.org/abstract.cfm?URI=oe-20-3-2668},
	Bdsk-Url-2 = {http://dx.doi.org/10.1364/OE.20.002668}}

@article{Gao2012,
	Author = {Gao, Hanhong and Zhang, Baile and Johnson, Steven G. and Barbastathis, George},
	Date-Added = {2015-08-19 14:28:37 +0000},
	Date-Modified = {2015-08-20 21:55:44 +0000},
	Doi = {10.1364/OE.20.001617},
	File = {:home/lucas/Bibliography//Gao et al.\_2012\_Design of thin-film photonic metamaterial L\"{u}neburg lens using analytical approach.pdf:pdf},
	Issn = {1094-4087},
	Journal = {Opt. Express},
	Keywords = {Effective Material,Luneburg Lens},
	Mendeley-Tags = {Effective Material,Luneburg Lens},
	Pages = {1617-1628},
	Title = {{Design of thin-film photonic metamaterial L\"{u}neburg lens using analytical approach}},
	Url = {http://www.opticsinfobase.org/abstract.cfm?URI=oe-20-2-1617},
	Volume = {20},
	Year = {2012},
	Bdsk-Url-1 = {http://www.opticsinfobase.org/abstract.cfm?URI=oe-20-2-1617},
	Bdsk-Url-2 = {http://dx.doi.org/10.1364/OE.20.001617}}

@article{pastix,
	Author = {P. H\'{e}non and P. Ramet and J. Roman},
	Date-Added = {2015-08-19 14:28:37 +0000},
	Date-Modified = {2015-08-19 14:28:37 +0000},
	Doi = {http://dx.doi.org/10.1016/S0167-8191(01)00141-7},
	Issn = {0167-8191},
	Journal = {Parallel Computing},
	Keywords = {Static partitioning and scheduling},
	Number = {2},
	Pages = {301 - 321},
	Title = {PaStiX: a high-performance parallel direct solver for sparse symmetric positive definite systems},
	Url = {http://www.sciencedirect.com/science/article/pii/S0167819101001417},
	Volume = {28},
	Year = {2002},
	Bdsk-Url-1 = {http://www.sciencedirect.com/science/article/pii/S0167819101001417},
	Bdsk-Url-2 = {http://dx.doi.org/10.1016/S0167-8191(01)00141-7}}

@article{ref-luzi,
	Author = {L. Bergamin},
	Date-Added = {2015-08-19 14:28:37 +0000},
	Date-Modified = {2015-08-19 14:28:37 +0000},
	Journal = {Phys. Rev. A},
	Number = {063835},
	Title = {Electromagnetic fields and boundary conditions at the interface of generalized transformation media},
	Volume = {80},
	Year = {2009}}

@article{ref-lax,
	Author = {M. Lax and D. F. Nelson},
	Date-Added = {2015-08-19 14:28:37 +0000},
	Date-Modified = {2015-08-19 14:28:37 +0000},
	Journal = {Phys. Rev. B},
	Number = {1777},
	Title = {Maxwell's equations in material form},
	Volume = {13},
	Year = {1976}}

@article{ref-injected,
	Author = {A. Cerjan and A. D. Stone},
	Date-Added = {2015-08-19 14:28:37 +0000},
	Date-Modified = {2015-08-19 14:28:37 +0000},
	Journal = {Phys. Rev. A},
	Number = {013840},
	Title = {Steady-state ab initio theory of lasers with injected signals},
	Volume = {90},
	Year = {2014}}

@article{ref-microcavity,
	Author = {M. Solja{\v c}i{\'c} and E. Lidorikis and L. V. Hau and J. D. Joannopoulos},
	Date-Added = {2015-08-19 14:28:37 +0000},
	Date-Modified = {2015-08-19 14:28:37 +0000},
	Journal = {Phys. Rev. E},
	Number = {026602},
	Title = {Enhancement of microcavity lifetimes using highly dispersive materials},
	Volume = {71},
	Year = {2005}}

@article{ref-adi,
	Author = {A. Pick and A. Cerjan and D. Liu and A. W. Rodriguez and A. D. Stone and Y. D. Chong and S. G. Johnson},
	Date-Added = {2015-08-19 14:28:37 +0000},
	Date-Modified = {2015-08-19 14:28:37 +0000},
	Journal = {Phys. Rev. A},
	Number = {063806},
	Title = {Ab initio multimode linewidth theory for arbitrary inhomogeneous laser cavities},
	Volume = {91},
	Year = {2015}}

@article{ref-raman,
	Author = {A. Raman and S. Fan},
	Date-Added = {2015-08-19 14:28:37 +0000},
	Date-Modified = {2015-08-19 14:28:37 +0000},
	Journal = {Phys. Rev. B},
	Number = {205131},
	Title = {Perturbation theory for plasmonic modulation and sensing},
	Volume = {83},
	Year = {2011}}

@article{ref-rotter_degeneracy,
	Author = {Stephan Burkhardt and Matthias Liertzer and Dmitry O. Krimer and Stefan Rotter},
	Journal = {Phys. Rev. A},
	Number = {013847},
	Title = {Steady-state ab initio laser theory for fully or nearly degenerate cavity modes},
	Volume = {92},
	Year = {2015}}

@article{ref-schmiele,
	Author = {M. Schmiele and V. S. Varma and C. Rockstuhl and F. Lederer},
	Date-Added = {2015-08-19 14:28:37 +0000},
	Date-Modified = {2015-08-19 14:28:37 +0000},
	Journal = {Phys. Rev. A},
	Number = {033837},
	Title = {Designing optical elements from isotropic materials by using transformation optics},
	Volume = {81},
	Year = {2010}}

@article{tolstikhin_siegert_1998,
	Author = {Tolstikhin, Oleg I. and Ostrovsky, Valentin N. and Nakamura, Hiroki},
	Date-Added = {2015-08-19 14:28:37 +0000},
	Date-Modified = {2015-08-19 14:28:37 +0000},
	Doi = {10.1103/PhysRevA.58.2077},
	Journal = {Phys. Rev. A},
	Number = {3},
	Pages = {2077--2096},
	Shorttitle = {Siegert pseudostate formulation of scattering theory},
	Title = {Siegert pseudostate formulation of scattering theory: One-channel case},
	Url = {http://link.aps.org/doi/10.1103/PhysRevA.58.2077},
	Urldate = {2012-05-15},
	Volume = {58},
	Year = {1998},
	Bdsk-Url-1 = {http://link.aps.org/doi/10.1103/PhysRevA.58.2077},
	Bdsk-Url-2 = {http://dx.doi.org/10.1103/PhysRevA.58.2077}}

@article{direct_salt,
	Author = {S. Esterhazy and D. Liu and M. Liertzer and A. Cerjan and K. G. Makris and A. D. Stone and J. M. Melenk and S. G. Johnson and S. Rotter},
	Date-Added = {2015-08-19 14:28:37 +0000},
	Date-Modified = {2015-08-19 14:28:37 +0000},
	Journal = {Phys. Rev. A},
	Numpages = {15},
	Pages = {023816},
	Title = {Scalable numerical approach for the steady-state \emph{ab-initio} laser theory},
	Volume = {90},
	Year = {2014}}

@article{ge_steady-state_2010,
	Author = {Ge, Li and Chong, Y. D. and Stone, A. Douglas},
	Date-Added = {2015-08-19 14:28:37 +0000},
	Date-Modified = {2015-08-19 14:28:37 +0000},
	Doi = {10.1103/PhysRevA.82.063824},
	Journal = {Phys. Rev. A},
	Number = {6},
	Pages = {063824},
	Shorttitle = {Steady-state ab initio laser theory},
	Title = {Steady-state ab initio laser theory: Generalizations and analytic results},
	Url = {http://link.aps.org/doi/10.1103/PhysRevA.82.063824},
	Urldate = {2012-06-18},
	Volume = {82},
	Year = {2010},
	Bdsk-Url-1 = {http://link.aps.org/doi/10.1103/PhysRevA.82.063824},
	Bdsk-Url-2 = {http://dx.doi.org/10.1103/PhysRevA.82.063824}}

@article{tureci_self-consistent_2006,
	Author = {T{\"u}reci, Hakan E. and Stone, A. Douglas and Collier, B.},
	Date-Added = {2015-08-19 14:28:37 +0000},
	Date-Modified = {2015-08-19 14:28:37 +0000},
	Doi = {10.1103/PhysRevA.74.043822},
	Journal = {Phys. Rev. A},
	Number = {4},
	Pages = {043822},
	Title = {Self-consistent multimode lasing theory for complex or random lasing media},
	Url = {http://link.aps.org/doi/10.1103/PhysRevA.74.043822},
	Urldate = {2012-07-04},
	Volume = {74},
	Year = {2006},
	Bdsk-Url-1 = {http://link.aps.org/doi/10.1103/PhysRevA.74.043822},
	Bdsk-Url-2 = {http://dx.doi.org/10.1103/PhysRevA.74.043822}}

@article{ge_unconventional_2011,
	Abstract = {We discuss a class of lasing modes created by a spatially inhomogeneous gain profile. These lasing modes are {\textquotedblleft}extra modes,{\textquotedblright} in addition to, and very different from, conventional lasing modes, which arise from the passive cavity resonances. These new modes do not have high intensity across the entire gain region, but instead are localized at the gain boundary and throughout the gain-free region. They are surface modes, originating from the transmission resonances of the gain-free region. Using an S-matrix description we connect these surface modes to the lasing modes in {PT-symmetric} (balanced gain-loss) cavities.},
	Author = {Ge, Li and Chong, Y. D. and Rotter, S. and T{\"u}reci, H. E. and Stone, A. D.},
	Date-Added = {2015-08-19 14:28:37 +0000},
	Date-Modified = {2015-08-19 14:28:37 +0000},
	Doi = {10.1103/PhysRevA.84.023820},
	Journal = {Phys. Rev. A},
	Number = {2},
	Pages = {023820},
	Title = {Unconventional modes in lasers with spatially varying gain and loss},
	Url = {http://link.aps.org/doi/10.1103/PhysRevA.84.023820},
	Urldate = {2013-01-07},
	Volume = {84},
	Year = {2011},
	Bdsk-Url-1 = {http://link.aps.org/doi/10.1103/PhysRevA.84.023820},
	Bdsk-Url-2 = {http://dx.doi.org/10.1103/PhysRevA.84.023820}}

@article{gogny,
	Author = {R. W. Ziolkowski and J. M. Arnold and D. M. Gogny},
	Date-Added = {2015-08-19 14:28:37 +0000},
	Date-Modified = {2015-08-19 14:28:37 +0000},
	Doi = {10.1103/PhysRevA.52.3082},
	Issue = {4},
	Journal = {Phys. Rev. A},
	Pages = {3082--3094},
	Title = {Ultrafast pulse interactions with two-level atoms},
	Volume = {52},
	Year = {1995},
	Bdsk-Url-1 = {http://dx.doi.org/10.1103/PhysRevA.52.3082}}

@article{fu_multifrequency_1991,
	Author = {Fu, Hong and Haken, H.},
	Date-Added = {2015-08-19 14:28:37 +0000},
	Date-Modified = {2015-08-19 14:28:37 +0000},
	Doi = {10.1103/PhysRevA.43.2446},
	Journal = {Phys. Rev. A},
	Number = {5},
	Pages = {2446--2454},
	Title = {Multifrequency operations in a short-cavity standing-wave laser},
	Url = {http://link.aps.org/doi/10.1103/PhysRevA.43.2446},
	Urldate = {2014-04-08},
	Volume = {43},
	Year = {1991},
	Bdsk-Url-1 = {http://link.aps.org/doi/10.1103/PhysRevA.43.2446},
	Bdsk-Url-2 = {http://dx.doi.org/10.1103/PhysRevA.43.2446}}

@article{ref-confined-bend,
	Author = {B.~Vasi{\'c} and G.~Isi{\'c} and R.~Gaji{\'c} and K.~Hingerl},
	Date-Added = {2015-08-19 14:28:37 +0000},
	Date-Modified = {2015-08-19 14:28:37 +0000},
	Journal = {Phys. Rev. B},
	Pages = {085103},
	Publisher = {American Physical Society},
	Title = {Coordinate transformation based design of confined metamaterial structures.},
	Volume = {79},
	Year = {2009}}

@article{ref-sgj-coupledmode,
	Abstract = {We prove that an adiabatic theorem generally holds for slow tapers in photonic crystals and other strongly grated waveguides with arbitrary index modulation, exactly as in conventional waveguides. This provides a guaranteed pathway to efficient and broad-bandwidth couplers with, e.g., uniform waveguides. We show that adiabatic transmission can only occur, however, if the operating mode is propagating (nonevanescent) and guided at every point in the taper. Moreover, we demonstrate how straightforward taper designs in photonic crystals can violate these conditions, but that adiabaticity is restored by simple design principles involving only the independent band structures of the intermediate gratings. For these and other analyses, we develop a generalization of the standard coupled-mode theory to handle arbitrary nonuniform gratings via an instantaneous Bloch-mode basis, yielding a continuous set of differential equations for the basis coefficients. We show how one can thereby compute semianalytical reflection and transmission through crystal tapers of almost any length, using only a single pair of modes in the unit cells of uniform gratings. Unlike other numerical methods, our technique becomes more accurate as the taper becomes more gradual, with no significant increase in the computation time or memory. We also include numerical examples comparing to a well-established scattering-matrix method in two dimensions.},
	Author = {S. G. Johnson and P. Bienstman and M. A. Skorobogatiy and M. Ibanescu and E. Lidorikis and J. D. Joannopoulos},
	Date-Added = {2015-08-19 14:28:37 +0000},
	Date-Modified = {2015-08-19 14:28:37 +0000},
	Journal = {Phys. Rev. E},
	Number = {066608},
	Pdf = {http://math.mit.edu/~stevenj/papers/JohnsonBi02.pdf},
	Title = {Adiabatic theorem and continuous coupled-mode theory for efficient taper transitions in photonic crystals},
	Volume = 66,
	Year = 2002}

@article{ref-vuckovic-design,
	Author = {J. Vuckovic and M. Loncar and H. Mabuchi and A. Scherer},
	Date-Added = {2015-08-19 14:28:37 +0000},
	Date-Modified = {2015-08-19 14:28:37 +0000},
	Journal = {Phys. Rev. E},
	Number = {016608},
	Title = {Design of photonic crystal microcavities for cavity {QED}},
	Volume = {65},
	Year = {2002}}

@article{ref-gradient_index,
	Author = {D. Smith and J. Mock and A. Starr and D. Schurig},
	Date-Added = {2015-08-19 14:28:37 +0000},
	Date-Modified = {2015-08-19 14:28:37 +0000},
	Journal = {Phys. Rev. E},
	Number = {036609},
	Title = {Gradient index metamaterials},
	Volume = {71},
	Year = {2005}}

@article{ref-hightrans,
	Author = {A. Mekis and J. C. Chen and I. Kurland and S. Fan and P. R. Villeneuve and J. D. Joannopoulos},
	Date-Added = {2015-08-19 14:28:37 +0000},
	Date-Modified = {2015-08-19 14:28:37 +0000},
	Journal = {Phys. Rev. Lett.},
	Pages = {3787--3790},
	Title = {High Transmission through Sharp Bends in Photonic Crystal Waveguides},
	Volume = {77},
	Year = {1996}}

@article{ref-macroscopic,
	Author = {B. Zhang and Y. Luo and X. Liu and G. Barbastathis},
	Date-Added = {2015-08-19 14:28:37 +0000},
	Date-Modified = {2015-08-19 14:28:37 +0000},
	Journal = {Phys. Rev. Lett.},
	Number = {033901},
	Title = {Macroscopic Invisibility Cloak for Visible light},
	Volume = {106},
	Year = {2011}}

@article{ref-3dquasi,
	Author = {N. I. Landy and N. Kundtz and D. R. Smith},
	Date-Added = {2015-08-19 14:28:37 +0000},
	Date-Modified = {2015-08-19 14:28:37 +0000},
	Journal = {Phys. Rev. Lett.},
	Number = {193902},
	Title = {Designing Three-Dimensional Transformation Optical Media Using Quasiconformal Coordinate Transformations},
	Volume = {105},
	Year = {2010}}

@article{ref-prl-polarize,
	Author = {U. Levy and M. Abashin and K. Ikeda and A. Krishnamoorthy and J. Cunningham and Y. Fainman},
	Date-Added = {2015-08-19 14:28:37 +0000},
	Date-Modified = {2015-08-19 14:28:37 +0000},
	Journal = {Phys. Rev. Lett.},
	Number = {243901},
	Title = {Inhomogenous Dielectric Metamaterials with Space-Variant Polarizability},
	Volume = {98},
	Year = {2007},
	Bdsk-Url-1 = {http://dx.doi.org/10.1103/PhysRevLett.98.243901}}

@article{ref-finite_embedded,
	Author = {M. Rahm and S. A. Cummer and D. Schurig and J. B. Pendry and D. R. Smith},
	Date-Added = {2015-08-19 14:28:37 +0000},
	Date-Modified = {2015-08-19 14:28:37 +0000},
	Journal = {Phys. Rev. Lett.},
	Number = {063903},
	Title = {Optical Design of Reflectionless Complex Media by Finite Embedded Coordinate Transformations},
	Volume = {100},
	Year = {2008}}

@article{ref-lipendry,
	Author = {J. Li and J. B. Pendry},
	Date-Added = {2015-08-19 14:28:37 +0000},
	Date-Modified = {2015-08-19 14:28:37 +0000},
	Journal = {Phys. Rev. Lett.},
	Number = {203901},
	Title = {Hiding under the Carpet: A New Strategy for Cloaking},
	Volume = {101},
	Year = {2008}}

@article{liertzer_pump-induced_2012,
	Abstract = {We demonstrate that the above-threshold behavior of a laser can be strongly affected by exceptional points which are induced by pumping the laser nonuniformly. At these singularities, the eigenstates of the non-Hermitian operator which describes the lasing modes coalesce. In their vicinity, the laser may turn off even when the overall pump power deposited in the system is increased. Such signatures of a pump-induced exceptional point can be experimentally probed with coupled ridge or microdisk lasers.},
	Author = {Liertzer, M. and Ge, Li and Cerjan, A. and Stone, A. D. and T{\"u}reci, H. E. and Rotter, S.},
	Date-Added = {2015-08-19 14:28:37 +0000},
	Date-Modified = {2015-08-19 14:28:37 +0000},
	Doi = {10.1103/PhysRevLett.108.173901},
	Journal = {Phys. Rev. Lett.},
	Number = {17},
	Pages = {173901},
	Title = {Pump-Induced Exceptional Points in Lasers},
	Url = {http://link.aps.org/doi/10.1103/PhysRevLett.108.173901},
	Urldate = {2012-05-10},
	Volume = {108},
	Year = {2012},
	Bdsk-Url-1 = {http://link.aps.org/doi/10.1103/PhysRevLett.108.173901},
	Bdsk-Url-2 = {http://dx.doi.org/10.1103/PhysRevLett.108.173901}}

@article{chong_general_2012,
	Abstract = {A formula for the laser linewidth of arbitrary cavities in the multimode nonlinear regime is derived from a scattering analysis of the solutions to semiclassical laser theory. The theory generalizes previous treatments of the effects of gain and openness described by the Petermann factor. The linewidth is expressed using quantities based on the nonlinear scattering matrix, which can be computed from steady-state ab initio laser theory; unlike previous treatments, no passive cavity or phenomenological parameters are involved. We find that low cavity quality factor, combined with significant dielectric dispersion, can cause substantial deviations from the Shawlow-Townes-Petermann theory.},
	Author = {Chong, Y. D. and Stone, A. Douglas},
	Date-Added = {2015-08-19 14:28:37 +0000},
	Date-Modified = {2015-08-19 14:28:37 +0000},
	Doi = {10.1103/PhysRevLett.109.063902},
	Journal = {Phys. Rev. Lett.},
	Number = {6},
	Pages = {063902},
	Title = {General Linewidth Formula for Steady-State Multimode Lasing in Arbitrary Cavities},
	Url = {http://link.aps.org/doi/10.1103/PhysRevLett.109.063902},
	Urldate = {2012-08-14},
	Volume = {109},
	Year = {2012},
	Bdsk-Url-1 = {http://link.aps.org/doi/10.1103/PhysRevLett.109.063902},
	Bdsk-Url-2 = {http://dx.doi.org/10.1103/PhysRevLett.109.063902}}

@article{hisch_pump-controlled_2013,
	Abstract = {The angular emission pattern of a random laser is typically very irregular and difficult to tune. Here we show by detailed numerical calculations that one can overcome the lack of control over this emission pattern by actively shaping the spatial pump distribution. We demonstrate, in particular, how to obtain customized pump profiles to achieve highly directional emission. Going beyond the regime of strongly scattering media where localized modes with a given directionality can simply be selected by the pump, we present an optimization-based approach which shapes extended lasing modes in the weakly scattering regime according to any predetermined emission pattern.},
	Author = {Hisch, Thomas and Liertzer, Matthias and Pogany, Dionyz and Mintert, Florian and Rotter, Stefan},
	Date-Added = {2015-08-19 14:28:37 +0000},
	Date-Modified = {2015-08-19 14:28:37 +0000},
	Doi = {10.1103/PhysRevLett.111.023902},
	File = {APS Snapshot:C:\Users\rotter\AppData\Roaming\Mozilla\Firefox\Profiles\h1fe3yxg.default\zotero\storage\VNB4JK6B\e023902.html:text/html},
	Journal = {Phys. Rev. Lett.},
	Number = {2},
	Pages = {023902},
	Title = {Pump-Controlled Directional Light Emission from Random Lasers},
	Url = {http://link.aps.org/doi/10.1103/PhysRevLett.111.023902},
	Urldate = {2013-07-17},
	Volume = {111},
	Year = {2013},
	Bdsk-Url-1 = {http://link.aps.org/doi/10.1103/PhysRevLett.111.023902},
	Bdsk-Url-2 = {http://dx.doi.org/10.1103/PhysRevLett.111.023902}}

@article{ref-leonhardt_review,
	Author = {U. Leonhardt and T. G. Philbin},
	Date-Added = {2015-08-19 14:28:37 +0000},
	Date-Modified = {2015-08-19 14:28:37 +0000},
	Journal = {Prog. Opt.},
	Pages = {69--152},
	Title = {Transformation optics and the Geometry of Light},
	Volume = {53},
	Year = {2009}}

@article{ref-microwave,
	Author = {D. Schurig and J. J. Mock and B. J. Justice and S. A. Cummer and J. B. Pendry and A. F. Starr and D. R. Smith},
	Date-Added = {2015-08-19 14:28:37 +0000},
	Date-Modified = {2015-08-19 14:28:37 +0000},
	Journal = {Science},
	Number = {5801},
	Pages = {977--980},
	Title = {Metamaterial electromagnetic cloak at microwave frequencies},
	Volume = {314},
	Year = {2006}}

@article{ref-euclid,
	Author = {U. Leonhardt and T. Tyc},
	Date-Added = {2015-08-19 14:28:37 +0000},
	Date-Modified = {2015-08-19 14:28:37 +0000},
	Journal = {Science},
	Number = {5910},
	Pages = {110--112},
	Title = {Broadband invisibility by non-euclidian cloaking},
	Volume = {323},
	Year = {2009}}

@article{ref-groundcloak,
	Author = {R. Liu and R. C. Ji and J. J. Mock and J. Y. Chin and T. J. Cui and D. R. Smith},
	Date-Added = {2015-08-19 14:28:37 +0000},
	Date-Modified = {2015-08-19 14:28:37 +0000},
	Journal = {Science},
	Number = {5912},
	Pages = {366--369},
	Title = {Broadband Ground-Plane Cloak},
	Volume = {323},
	Year = {2009}}

@article{ref-pendry-science-cloak,
	Abstract = {We have designed and realized a three-dimensional invisibility-cloaking structure operating at optical wavelengths based on transformation optics. Our blueprint uses a woodpile photonic crystal with a tailored polymer filling fraction to hide a bump in a gold reflector. We fabricated structures and controls by direct laser writing and characterized them by simultaneous high--numerical-aperture, far-field optical microscopy and spectroscopy. A cloaking operation with a large bandwidth of unpolarized light from 1.4 to 2.7 micrometers in wavelength is demonstrated for viewing angles up to 60$\,^{\circ}$.},
	Author = {T. Ergin and N. Stenger and P. Brenner and J. B. Pendry and M. Wegener},
	Date-Added = {2015-08-19 14:28:37 +0000},
	Date-Modified = {2015-08-19 14:28:37 +0000},
	Journal = {Science},
	Number = {5976},
	Pages = {337--339},
	Title = {Three-Dimensional Invisibility Cloak at Optical Wavelengths},
	Volume = {328},
	Year = {2010}}

@article{ref-pendry_meta,
	Author = {D. R. Smith and J. B. Pendry and M. C. K. Wiltshire},
	Date-Added = {2015-08-19 14:28:37 +0000},
	Date-Modified = {2015-08-19 14:28:37 +0000},
	Journal = {Science},
	Number = {5685},
	Pages = {788--792},
	Title = {Metamaterials and Negative Refractive Index},
	Volume = {305},
	Year = {2004}}

@article{ref-pendryscience,
	Author = {J. B. Pendry and D. Schurig and D. R. Smith},
	Date-Added = {2015-08-19 14:28:37 +0000},
	Date-Modified = {2015-08-19 14:28:37 +0000},
	Journal = {Science},
	Pages = {1780--1782},
	Title = {Controlling Electromagnetic Fields},
	Volume = {312},
	Year = {2006}}

@article{tureci_strong_2008,
	Author = {T{\"u}reci, Hakan E. and Ge, Li and Rotter, Stefan and Stone, A. Douglas},
	Date-Added = {2015-08-19 14:28:37 +0000},
	Date-Modified = {2015-08-19 14:28:37 +0000},
	Doi = {10.1126/science.1155311},
	Journal = {Science},
	Number = {5876},
	Pages = {643--646},
	Title = {Strong Interactions in Multimode Random Lasers},
	Url = {http://www.sciencemag.org/content/320/5876/643},
	Urldate = {2012-07-04},
	Volume = {320},
	Year = {2008},
	Bdsk-Url-1 = {http://www.sciencemag.org/content/320/5876/643},
	Bdsk-Url-2 = {http://dx.doi.org/10.1126/science.1155311}}

@article{science_phc,
	Author = {O. Painter and R. K. Lee and A. Scherer and A. Yariv and J. D. O'Brien and P. D. Dapkus and I. Kim},
	Date-Added = {2015-08-19 14:28:37 +0000},
	Date-Modified = {2015-08-19 14:28:37 +0000},
	Doi = {10.1126/science.284.5421.1819},
	Issue = {5421},
	Journal = {Science},
	Pages = {1819--1821},
	Title = {Two-Dimensional Photonic Band-Gap Defect Mode Laser},
	Volume = {284},
	Year = {1999},
	Bdsk-Url-1 = {http://dx.doi.org/10.1126/science.284.5421.1819}}

@article{ref-dobson-bandgap,
	Author = {S. J. Cox and D. C. Dobson},
	Date-Added = {2015-08-19 14:28:37 +0000},
	Date-Modified = {2015-08-19 14:28:37 +0000},
	Journal = {SIAM J. Appl. Math},
	Number = {6},
	Pages = {2108--2120},
	Title = {Maximizing band gaps in two-dimensional photonic crystals},
	Volume = {59},
	Year = {1999}}

@article{ref-tisseur_quadratic_review,
        Author = {F. Tisseur and K. Meerbergen},
        Journal = {SIAM Rev.},
        Pages = {235--286},
        Title = {The quadratic eigenvalue problem},
        Volume = {43},
        Year = {2001}}

@article{ref-dobson-optimization,
	Author = {D. C. Dobson and F. Santosa},
	Date-Added = {2015-08-19 14:28:37 +0000},
	Date-Modified = {2015-08-19 14:28:37 +0000},
	Journal = {SIAM J. Appl. Math},
	Number = {3},
	Pages = {762--774},
	Title = {Optimal Localization of Eigenfunctions in an Inhomogeneous Medium},
	Volume = {64},
	Year = {2004}}

@article{su_solving_2011,
	Author = {Su, Yangfeng and Bai, Zhaojun},
	Date-Added = {2015-08-19 14:28:37 +0000},
	Date-Modified = {2015-08-19 14:28:37 +0000},
	Doi = {10.1137/090777542},
	Journal = {SIAM J. Matrix. Anal. Appl.},
	Number = {1},
	Pages = {201--216},
	Title = {Solving Rational Eigenvalue Problems via Linearization},
	Url = {http://epubs.siam.org/doi/abs/10.1137/090777542},
	Urldate = {2013-03-25},
	Volume = {32},
	Year = {2011},
	Bdsk-Url-1 = {http://epubs.siam.org/doi/abs/10.1137/090777542},
	Bdsk-Url-2 = {http://dx.doi.org/10.1137/090777542}}

@article{guillaume,
	Author = {P. Guillaume},
	Date-Added = {2015-08-19 14:28:37 +0000},
	Date-Modified = {2015-08-19 14:28:37 +0000},
	Doi = {10.1137/S0895479897324172},
	Issue = {3},
	Journal = {SIAM J. Matrix. Anal. Appl.},
	Pages = {575--595},
	Title = {Nonlinear eigenproblems},
	Volume = {20},
	Year = {1999},
	Bdsk-Url-1 = {http://dx.doi.org/10.1137/S0895479897324172}}

@article{newton_inverse,
	Author = {G. Peters and J. H. Wilkinson},
	Date-Added = {2015-08-19 14:28:37 +0000},
	Date-Modified = {2015-08-19 14:28:37 +0000},
	Doi = {10.1137/1021052},
	Issue = {3},
	Journal = {SIAM Rev.},
	Pages = {339--360},
	Title = {Inverse iteration, ill-conditioned equations and {Newton's} method},
	Volume = {21},
	Year = {1979},
	Bdsk-Url-1 = {http://dx.doi.org/10.1137/1021052}}

@article{ref-quasi,
	Author = {L. V. Ahlfors},
	Date-Added = {2015-08-19 14:28:37 +0000},
	Date-Modified = {2015-08-19 14:28:37 +0000},
	Journal = {University Lecture Series},
	Title = {Lectures on quasiconformal mappings},
	Volume = {38},
	Year = {1966}}

@article{ref-kao,
	Author = {C. Y. Kao and F. Santosa},
	Date-Added = {2015-08-19 14:28:37 +0000},
	Date-Modified = {2015-08-20 21:55:19 +0000},
	Journal = {Wave Motion},
	Number = {4},
	Pages = {412--427},
	Title = {Maximization of the quality factor of an optical resonator},
	Volume = {45},
	Year = {2008}}

@article{santosa,
	Author = {C.-Y. Kao and F. Santosa},
	Date-Added = {2015-08-19 14:28:37 +0000},
	Date-Modified = {2015-08-19 14:28:37 +0000},
	Doi = {10.1016/j.wavemoti.2007.07.012},
	Journal = {Wave Motion},
	Number = 4,
	Pages = {412--427},
	Title = {Maximization of the quality factor of an optical resonator},
	Volume = {45},
	Year = {2008},
	Bdsk-Url-1 = {http://dx.doi.org/10.1016/j.wavemoti.2007.07.012}}

@inproceedings{ref-fast_block,
	Author = {K. W. Chun and J. Ra},
	Booktitle = {Proc. SPIE, Visual Communications and Image Processing},
	Date-Added = {2015-08-19 14:28:37 +0000},
	Date-Modified = {2015-08-19 14:28:37 +0000},
	Editor = {P. Maragos},
	Pages = {552--560},
	Title = {Fast block-matching algorithm by successive refinement of matching criterion},
	Volume = {1818},
	Year = {1992}}

@inproceedings{ref-largecircuit,
	Author = {T. F. Chan and J. Cong and T. Kong and J. R. Shinnerl},
	Booktitle = {International Conference on Computer Aided Design},
	Date-Added = {2015-08-19 14:28:37 +0000},
	Date-Modified = {2015-08-19 14:28:37 +0000},
	Pages = {171--176},
	Title = {Multilevel optimization for large-scale circuit placement},
	Year = {2000}}

@book{ref-handbook_teich,
	Date-Added = {2015-08-19 14:28:37 +0000},
	Date-Modified = {2015-08-19 14:28:37 +0000},
	Editor = {A. Papadopoulos},
	Publisher = {European Mathematical Society},
	Title = {Handbook of Teichm{\"u}ller Theory},
	Volume = {1},
	Year = {2007}}

@book{ref-geometric-handbook,
	Date-Added = {2015-08-19 14:28:37 +0000},
	Date-Modified = {2015-08-19 14:28:37 +0000},
	Editor = {R. K{\"u}hnau},
	Publisher = {Elsevier B.V.},
	Title = {Handbook of Complex Analysis: Geometric Function Theory},
	Volume = {2},
	Year = {2005}}

@book{ref-elliptic,
	Author = {K. Astala and T. Iwaniec and G. Martin},
	Date-Added = {2015-08-19 14:28:37 +0000},
	Date-Modified = {2015-08-19 14:28:37 +0000},
	Edition = {First},
	Publisher = {Princeton University Press},
	Title = {Elliptic Partial Differential Equations and Quasiconformal Mappings in the Plane},
	Year = {2008}}

@book{ref-parr_dft,
	Author = {R. G. Parr and W. Yang},
	Date-Added = {2015-08-19 14:28:37 +0000},
	Date-Modified = {2015-08-19 14:28:37 +0000},
	Edition = {First},
	Publisher = {Oxford University Press},
	Title = {Density-Functional Theory of Atoms and Molecules},
	Year = {1989}}

@misc{ref-lipendry-private,
	Author = {J. Li and J. B. Pendry},
	Date-Added = {2015-08-19 14:28:37 +0000},
	Date-Modified = {2015-08-19 14:28:37 +0000},
	Title = {Private communication},
	Year = {2013}}

@misc{ref-vogan,
	Author = {D. Vogan},
	howpublished = {Private communication},
	Year = {2015}}

@book{ref-chew,
	Address = {New York, NY},
	Author = {W. C. Chew},
	Date-Added = {2015-08-19 14:28:37 +0000},
	Date-Modified = {2015-08-19 14:28:37 +0000},
	Publisher = {IEEE Press},
	Title = {Waves and Fields in Inhomogeneous Media},
	Year = {1995}}

@book{ref-snyder,
	Address = {London},
	Author = {A. W. Snyder and J. D. Love},
	Date-Added = {2015-08-19 14:28:37 +0000},
	Date-Modified = {2015-08-19 14:28:37 +0000},
	Publisher = {Chapman and Hall},
	Title = {Optical Waveguide Theory},
	Year = {1983}}

@book{ref-jackson,
	Author = {J. D. Jackson},
	Date-Added = {2015-08-19 14:28:37 +0000},
	Date-Modified = {2015-08-19 14:28:37 +0000},
	Edition = {Third},
	Publisher = {Wiley},
	Title = {Classical Electrodynamics},
	Year = {1998}}

@book{ref-agrawal,
	Author = {G. P. Agrawal},
	Date-Added = {2015-08-19 14:28:37 +0000},
	Date-Modified = {2015-08-19 14:28:37 +0000},
	Edition = {Fourth},
	Publisher = {Wiley},
	Title = {Fiber-Optic Communication Systems},
	Year = {2010}}

@book{ref-diode_circuits,
	Author = { L. A. Coldren and S. W. Corzine and M. L. Mashanovitch},
	Date-Added = {2015-08-19 14:28:37 +0000},
	Date-Modified = {2015-08-19 14:28:37 +0000},
	Edition = {Second},
	Publisher = {Wiley},
	Title = {Diode Lasers and Photonic Integrated Circuits},
	Year = {2012}}


@inproceedings{ref-surface_quasi,
	Author = {W. Zeng and F. Luo and S. T. Yau and X. D. Gu},
	Booktitle = {Proc. 13th International Conference on Mathematics of Surfaces},
	Date-Added = {2015-08-19 14:28:37 +0000},
	Date-Modified = {2015-08-19 14:28:37 +0000},
	Pages = {391--408},
	Title = {Surface Quasi-conformal mapping by solving {Beltrami} Equations},
	Year = {2009}}

@book{ref-shilov,
	Author = {G. E. Shilov},
	Date-Added = {2015-08-19 14:28:37 +0000},
	Date-Modified = {2015-08-19 14:28:37 +0000},
	Publisher = {MIT Press},
	Title = {Elementary Real and Complex Analysis},
	Year = {1973}}

@book{ref-fenics,
	Author = {A. Logg and K. A. Mardal and G. N. Wells},
	Date-Added = {2015-08-19 14:28:37 +0000},
	Date-Modified = {2015-08-19 14:28:37 +0000},
	Publisher = {Springer},
	Title = {Automated Solution of Differential Equations by the Finite Element Method},
	Year = {2012}}

@book{boyd_cheb,
	Author = {J. P. Boyd},
	Date-Added = {2015-08-19 14:28:37 +0000},
	Date-Modified = {2015-08-19 14:28:37 +0000},
	Edition = {Second},
	Publisher = {Dover},
	Title = {Chebyshev and Fourier Spectral Methods},
	Year = {2001}}

@book{inui_group,
	Author = {T. Inui and Y. Tanabe and Y. Onodera},
	Publisher = {Springer},
	Title = {Group Theory and Its Applications in Physics},
	Year = {1996}}

@book{sakurai,
        Author = {J. J. Sakurai},
        Publisher = {Addison Wesley},
        Title = {Modern Quantum Mechanics},
        Year = {1993}}

@book{moiseyev,
        Author = {N. Moiseyev},
        Publisher = {Cambridge},
        Title = {Non-Hermitian Quantum Mechanics},
        Year = {2011}}

@book{ashcroft-mermin,
        Author = {N. W. Ashcroft and N. D. Mermin},
        Publisher = {Cengage Learning},
        Title = {Solid State Physics},
        Year = {1978}}

@book{strang_linear_algebra,
        Author = {G. Strang},
        Publisher = {Wellesley Cambridge Press},
        Title = {Introduction to Linear Algebra},
        Year = {2009}}

@book{tinkham,
	Author = {M. Tinkham},
	Date-Added = {2015-08-19 14:28:37 +0000},
	Date-Modified = {2015-08-19 14:28:37 +0000},
	Edition = {Second},
	Publisher = {Dover},
	Title = {Group Theory and Quantum Mechanics},
	Year = {2003}}

@book{sakoda,
        Author = {K. Sakoda},
        Edition = {Second},
        Publisher = {Springer},
        Title = {Optical Properties of Photonic Crystals},
        Year = {2005}}

@book{boyd,
	Author = {S. Boyd and L. Vandenberghe},
	Date-Added = {2015-08-19 14:28:37 +0000},
	Date-Modified = {2015-08-19 14:28:37 +0000},
	Publisher = {Cambridge Univ. Press},
	Title = {Convex Optimization},
	Year = {2004}}

@misc{nlopt,
	Author = {S. G. Johnson},
	Date-Added = {2015-08-19 14:28:37 +0000},
	Date-Modified = {2015-08-19 14:28:37 +0000},
	Title = {The {NLopt} nonlinear-optimization package (http://ab-initio.mit.edu/nlopt)},
	Year = {2007}}

@book{ref-rudin,
	Author = {W. Rudin},
	Date-Added = {2015-08-19 14:28:37 +0000},
	Date-Modified = {2015-08-19 14:28:37 +0000},
	Edition = {Third},
	Publisher = {McGraw--Hill},
	Title = {Real and Complex Analysis},
	Year = {1986}}

@book{sslbook,
	Author = {M. Sargent and M. O. Scully and W. E Lamb},
	Date-Added = {2015-08-19 14:28:37 +0000},
	Date-Modified = {2015-08-19 14:28:37 +0000},
	Publisher = {Westview Press},
	Title = {Laser Physics},
	Year = {1977}}

@MISC{modeswitching2014,
	Author = {L. Ge and D. Liu and S. G. Johnson and S. Rotter and H. E. T{\"u}reci and H. Cao and A. Cerjan and A. D. Stone},
	howpublished = {arXiv:1504.08018},
	Title = {},
	Note = {},
	Year = {2015}}

@book{haken_light:_1985,
	Abstract = {This volume deals with laser physics emphasizing laser theory from a physical point of view. It takes into account most recent developments focussing on the dynamics. Proceeding from simple to more difficult questions, the book treats, among other topics: typical experimental laser systems, intensities of laser light in single and multimode lasers, mode competition, hole-burning, Q-switched lasers, relaxation-oscillations, frequency shifts, population pulsations, mode-locking, ultrashort pulses, self-pulsing, laser light chaos, instability hierarchies, laser gyro, optical bistability, optical transistor, two-photon laser, laser line width, Hanbury-Brown-Twiss experiment, intensity correlations, photon statistics, quantum classical correspondence, laser phase-transition analogy, the laser as a synergetic system.},
	Author = {Haken, H.},
	Date-Added = {2015-08-19 14:28:37 +0000},
	Date-Modified = {2015-08-19 14:28:37 +0000},
	Isbn = {9780444860217},
	Publisher = {North-Holland Pub. Co.},
	Shorttitle = {Light},
	Title = {Light: Laser light dynamics},
	Year = {1985}}

@book{yariv,
	Author = {Amnon Yariv},
	Date-Added = {2015-08-19 14:28:37 +0000},
	Date-Modified = {2015-08-19 14:28:37 +0000},
	Edition = {3},
	Isbn = {0471609978},
	Publisher = {Wiley},
	Title = {Quantum Electronics},
	Year = {1989}}

@book{ref-haken_laser_theory,
	Author = {H. Haken},
	Date-Added = {2015-08-19 14:28:37 +0000},
	Date-Modified = {2015-08-19 14:28:37 +0000},
	Publisher = {Springer},
	Title = {Laser Theory},
	Year = {1970}}

@book{ref-solin_pde,
	Author = {P. Solin},
	Date-Added = {2015-08-19 14:28:37 +0000},
	Date-Modified = {2015-08-19 14:28:37 +0000},
	Publisher = {Wiley},
	Title = {Partial Differential Equations and the Finite Element Method},
	Year = {2005}}

@book{taflove,
	Author = {A. Taflove and S. C. Hagness},
	Date-Added = {2015-08-19 14:28:37 +0000},
	Date-Modified = {2015-08-19 14:28:37 +0000},
	Edition = {third},
	Isbn = {1580538320},
	Publisher = {Artech House},
	Title = {Computational Electrodynamics: The Finite-Difference Time-Domain Method},
	Year = {2005}}

@book{recipes,
	Author = {W. H. Press and S. A. Teukolsky and W. T. Vetterling and B. P. Flannery},
	Date-Added = {2015-08-19 14:28:37 +0000},
	Date-Modified = {2015-08-19 14:28:37 +0000},
	Edition = {third},
	Isbn = {0521880688},
	Publisher = {Cambridge},
	Title = {Numerical Recipes: the Art of Scientific Computing},
	Year = {2007}}

@phdthesis{ge_steady-state_2010-1,
	Author = {Ge, Li},
	Date-Added = {2015-08-19 14:28:37 +0000},
	Date-Modified = {2015-08-19 14:28:37 +0000},
	School = {Yale University},
	Title = {Steady-state Ab Initio Laser Theory and its Applications in Random and Complex Media},
	Type = {{PhD thesis}},
	Url = {http://www.eng.yale.edu/stonegroup/publications.html},
	Year = {2010},
	Bdsk-Url-1 = {http://www.eng.yale.edu/stonegroup/publications.html}}

@book{chew_2001,
	Date-Added = {2015-08-19 14:28:37 +0000},
	Date-Modified = {2015-08-19 14:28:37 +0000},
	Editor = {Chew, W. C. and Jin, J. M. and Michielssen, E. and Song, J. M.},
	Isbn = {1580531520},
	Publisher = {Artech House},
	Title = {Fast and Efficient Algorithms in Computational Electromagnetics},
	Year = {2001}}

@book{phc_book,
	Author = {J. D. Joannopoulos and S. G. Johnson and J. N. Winn and R. D. Meade},
	Date-Added = {2015-08-19 14:28:37 +0000},
	Date-Modified = {2015-08-19 14:28:37 +0000},
	Isbn = {0691124566},
	Publisher = {Princeton},
	Edition = {Second},
	Title = {Photonic Crystals: Molding the Flow of Light},
	Year = {2008}}

@book{trefethen,
	Author = {L. N. Trefethen and D. Bau},
	Date-Added = {2015-08-19 14:28:37 +0000},
	Date-Modified = {2015-08-19 14:28:37 +0000},
	Isbn = {0898713617},
	Publisher = {SIAM},
	Title = {Numerical Linear Algebra},
	Year = {1997}}

@book{davis_sparse,
	Author = {T. A. Davis},
	Date-Added = {2015-08-19 14:28:37 +0000},
	Date-Modified = {2015-08-19 14:28:37 +0000},
	Isbn = {0898716136},
	Publisher = {SIAM},
	Title = {Direct Methods for Sparse Linear Systems},
	Year = {2006}}

@inproceedings{petsc-efficient,
	Author = {Satish Balay and William D. Gropp and Lois Curfman McInnes and Barry F. Smith},
	Booktitle = {Modern Software Tools in Scientific Computing},
	Date-Added = {2015-08-19 14:28:37 +0000},
	Date-Modified = {2015-08-19 14:28:37 +0000},
	Editor = {E. Arge and A. M. Bruaset and H. P. Langtangen},
	Pages = {163--202},
	Publisher = {Birkh{\"{a}}user},
	Title = {Efficient Management of Parallelism in Object Oriented Numerical Software Libraries},
	Year = {1997}}

@phdthesis{xd_thesis,
	Author = {Liang, Xiangdong},
	Date-Added = {2015-08-19 14:28:37 +0000},
	Date-Modified = {2015-08-19 14:28:37 +0000},
	School = {MIT},
	Title = {Modeling of fluids and waves with analytics and numerics.},
	Type = {{PhD thesis}},
	Url = {http://math.mit.edu/~xdliang/publication/thesis.pdf},
	Year = {2012},
	Bdsk-Url-1 = {http://math.mit.edu/~xdliang/publication/thesis.pdf}}

@inproceedings{Ryf2012,
	Author = {Ryf, R. and Essiambre, R. and Gnauck, A. and Randel, S. and Mestre, M. A. and Schmidt, C. and Winzer, P. and Delbue, R. and Pupalaikis, P. and Sureka, A. and Hayashi, T. and Taru, T. and Sasaki, T.},
	Booktitle = {National Fiber Optic Engineers Conference, OSA Technical Digest},
	Date-Added = {2015-08-19 14:28:37 +0000},
	Date-Modified = {2015-08-19 14:28:37 +0000},
	File = {:home/lucas/Bibliography/Ryf et al.\_2012\_Space-Division Multiplexed Transmission over 4200 km 3-Core Microstructured Fiber.pdf:pdf},
	Keywords = {Fiber Optics,Mode multiplexing},
	Mendeley-Tags = {Fiber Optics,Mode multiplexing},
	Pages = {PDP5C.2},
	Publisher = {Optical Society of America},
	Title = {{Space-Division Multiplexed Transmission over 4200 km 3-Core Microstructured Fiber}},
	Year = {2012}}

@book{cite-handbook_grid,
	Author = {J. F. Thompson and B. K. Soni and N. P. Weatherill},
	Date-Added = {2015-08-19 14:28:37 +0000},
	Date-Modified = {2015-08-19 14:28:37 +0000},
	Pages = {1200},
	Publisher = {CRC Press},
	Title = {Handbook of Grid Generation},
	Year = {1999}}

@book{ref-fundamentalsgrid,
	Author = {P. Knupp and S. Steinberg},
	Date-Added = {2015-08-19 14:28:37 +0000},
	Date-Modified = {2015-08-19 14:28:37 +0000},
	Pages = {304},
	Publisher = {CRC Press},
	Title = {Fundamentals of Grid Generation},
	Year = {1999}}
